%YAML 1.1
%TAG !u! tag:unity3d.com,2011:
--- !u!29 &1
OcclusionCullingSettings:
  m_ObjectHideFlags: 0
  serializedVersion: 2
  m_OcclusionBakeSettings:
    smallestOccluder: 5
    smallestHole: 0.25
    backfaceThreshold: 100
  m_SceneGUID: 00000000000000000000000000000000
  m_OcclusionCullingData: {fileID: 0}
--- !u!104 &2
RenderSettings:
  m_ObjectHideFlags: 0
  serializedVersion: 8
  m_Fog: 0
  m_FogColor: {r: 0.5, g: 0.5, b: 0.5, a: 1}
  m_FogMode: 3
  m_FogDensity: 0.01
  m_LinearFogStart: 0
  m_LinearFogEnd: 300
  m_AmbientSkyColor: {r: 0.212, g: 0.227, b: 0.259, a: 1}
  m_AmbientEquatorColor: {r: 0.114, g: 0.125, b: 0.133, a: 1}
  m_AmbientGroundColor: {r: 0.047, g: 0.043, b: 0.035, a: 1}
  m_AmbientIntensity: 1
  m_AmbientMode: 3
  m_SubtractiveShadowColor: {r: 0.42, g: 0.478, b: 0.627, a: 1}
  m_SkyboxMaterial: {fileID: 0}
  m_HaloStrength: 0.5
  m_FlareStrength: 1
  m_FlareFadeSpeed: 3
  m_HaloTexture: {fileID: 0}
  m_SpotCookie: {fileID: 10001, guid: 0000000000000000e000000000000000, type: 0}
  m_DefaultReflectionMode: 0
  m_DefaultReflectionResolution: 128
  m_ReflectionBounces: 1
  m_ReflectionIntensity: 1
  m_CustomReflection: {fileID: 0}
  m_Sun: {fileID: 0}
  m_IndirectSpecularColor: {r: 0, g: 0, b: 0, a: 1}
--- !u!157 &3
LightmapSettings:
  m_ObjectHideFlags: 0
  serializedVersion: 11
  m_GIWorkflowMode: 1
  m_GISettings:
    serializedVersion: 2
    m_BounceScale: 1
    m_IndirectOutputScale: 1
    m_AlbedoBoost: 1
    m_TemporalCoherenceThreshold: 1
    m_EnvironmentLightingMode: 0
    m_EnableBakedLightmaps: 0
    m_EnableRealtimeLightmaps: 0
  m_LightmapEditorSettings:
    serializedVersion: 9
    m_Resolution: 2
    m_BakeResolution: 40
    m_TextureWidth: 1024
    m_TextureHeight: 1024
    m_AO: 0
    m_AOMaxDistance: 1
    m_CompAOExponent: 1
    m_CompAOExponentDirect: 0
    m_Padding: 2
    m_LightmapParameters: {fileID: 0}
    m_LightmapsBakeMode: 1
    m_TextureCompression: 1
    m_FinalGather: 0
    m_FinalGatherFiltering: 1
    m_FinalGatherRayCount: 256
    m_ReflectionCompression: 2
    m_MixedBakeMode: 2
    m_BakeBackend: 0
    m_PVRSampling: 1
    m_PVRDirectSampleCount: 32
    m_PVRSampleCount: 500
    m_PVRBounces: 2
    m_PVRFilterTypeDirect: 0
    m_PVRFilterTypeIndirect: 0
    m_PVRFilterTypeAO: 0
    m_PVRFilteringMode: 1
    m_PVRCulling: 1
    m_PVRFilteringGaussRadiusDirect: 1
    m_PVRFilteringGaussRadiusIndirect: 5
    m_PVRFilteringGaussRadiusAO: 2
    m_PVRFilteringAtrousPositionSigmaDirect: 0.5
    m_PVRFilteringAtrousPositionSigmaIndirect: 2
    m_PVRFilteringAtrousPositionSigmaAO: 1
    m_ShowResolutionOverlay: 1
  m_LightingDataAsset: {fileID: 0}
  m_UseShadowmask: 1
--- !u!196 &4
NavMeshSettings:
  serializedVersion: 2
  m_ObjectHideFlags: 0
  m_BuildSettings:
    serializedVersion: 2
    agentTypeID: 0
    agentRadius: 0.5
    agentHeight: 2
    agentSlope: 45
    agentClimb: 0.4
    ledgeDropHeight: 0
    maxJumpAcrossDistance: 0
    minRegionArea: 2
    manualCellSize: 0
    cellSize: 0.16666667
    manualTileSize: 0
    tileSize: 256
    accuratePlacement: 0
    debug:
      m_Flags: 0
  m_NavMeshData: {fileID: 0}
--- !u!1 &11018103 stripped
GameObject:
  m_PrefabParentObject: {fileID: 1372842188920766, guid: 16153f444d6138f4a98e14bae7a2fa19,
    type: 2}
  m_PrefabInternal: {fileID: 918351501}
--- !u!82 &143564632 stripped
AudioSource:
  m_PrefabParentObject: {fileID: 82952992511711102, guid: d49168beae51e304aaf83595f9740101,
    type: 2}
  m_PrefabInternal: {fileID: 170841773}
--- !u!1001 &170841773
Prefab:
  m_ObjectHideFlags: 0
  serializedVersion: 2
  m_Modification:
    m_TransformParent: {fileID: 0}
    m_Modifications:
    - target: {fileID: 4871672660600818, guid: d49168beae51e304aaf83595f9740101, type: 2}
      propertyPath: m_LocalPosition.x
      value: 135.29909
      objectReference: {fileID: 0}
    - target: {fileID: 4871672660600818, guid: d49168beae51e304aaf83595f9740101, type: 2}
      propertyPath: m_LocalPosition.y
      value: 153.77448
      objectReference: {fileID: 0}
    - target: {fileID: 4871672660600818, guid: d49168beae51e304aaf83595f9740101, type: 2}
      propertyPath: m_LocalPosition.z
      value: 109.25
      objectReference: {fileID: 0}
    - target: {fileID: 4871672660600818, guid: d49168beae51e304aaf83595f9740101, type: 2}
      propertyPath: m_LocalRotation.x
      value: 0
      objectReference: {fileID: 0}
    - target: {fileID: 4871672660600818, guid: d49168beae51e304aaf83595f9740101, type: 2}
      propertyPath: m_LocalRotation.y
      value: 0
      objectReference: {fileID: 0}
    - target: {fileID: 4871672660600818, guid: d49168beae51e304aaf83595f9740101, type: 2}
      propertyPath: m_LocalRotation.z
      value: 0
      objectReference: {fileID: 0}
    - target: {fileID: 4871672660600818, guid: d49168beae51e304aaf83595f9740101, type: 2}
      propertyPath: m_LocalRotation.w
      value: 1
      objectReference: {fileID: 0}
    - target: {fileID: 4871672660600818, guid: d49168beae51e304aaf83595f9740101, type: 2}
      propertyPath: m_RootOrder
      value: 11
      objectReference: {fileID: 0}
    m_RemovedComponents: []
  m_ParentPrefab: {fileID: 100100000, guid: d49168beae51e304aaf83595f9740101, type: 2}
  m_IsPrefabParent: 0
--- !u!82 &170841774 stripped
AudioSource:
  m_PrefabParentObject: {fileID: 82347467802749342, guid: d49168beae51e304aaf83595f9740101,
    type: 2}
  m_PrefabInternal: {fileID: 170841773}
--- !u!82 &170841775 stripped
AudioSource:
  m_PrefabParentObject: {fileID: 82237385203038276, guid: d49168beae51e304aaf83595f9740101,
    type: 2}
  m_PrefabInternal: {fileID: 170841773}
--- !u!82 &170841776 stripped
AudioSource:
  m_PrefabParentObject: {fileID: 82703054232159740, guid: d49168beae51e304aaf83595f9740101,
    type: 2}
  m_PrefabInternal: {fileID: 170841773}
--- !u!82 &170841777 stripped
AudioSource:
  m_PrefabParentObject: {fileID: 82784280028470744, guid: d49168beae51e304aaf83595f9740101,
    type: 2}
  m_PrefabInternal: {fileID: 170841773}
--- !u!82 &170841778 stripped
AudioSource:
  m_PrefabParentObject: {fileID: 82238910209771040, guid: d49168beae51e304aaf83595f9740101,
    type: 2}
  m_PrefabInternal: {fileID: 170841773}
--- !u!82 &170841779 stripped
AudioSource:
  m_PrefabParentObject: {fileID: 82076700276070588, guid: d49168beae51e304aaf83595f9740101,
    type: 2}
  m_PrefabInternal: {fileID: 170841773}
--- !u!82 &170841780 stripped
AudioSource:
  m_PrefabParentObject: {fileID: 82592914258226408, guid: d49168beae51e304aaf83595f9740101,
    type: 2}
  m_PrefabInternal: {fileID: 170841773}
--- !u!114 &274435001 stripped
MonoBehaviour:
  m_PrefabParentObject: {fileID: 114173212895386944, guid: ca6bc23cc54138e4689f25a6e36e7b5b,
    type: 2}
  m_PrefabInternal: {fileID: 1326127177}
  m_Script: {fileID: 708705254, guid: f70555f144d8491a825f0804e09c671c, type: 3}
--- !u!1001 &336879044
Prefab:
  m_ObjectHideFlags: 0
  serializedVersion: 2
  m_Modification:
    m_TransformParent: {fileID: 0}
    m_Modifications:
    - target: {fileID: 4551975899008908, guid: 86330abc4891a5d4ba20290ab2318510, type: 2}
      propertyPath: m_LocalPosition.x
      value: -131.61465
      objectReference: {fileID: 0}
    - target: {fileID: 4551975899008908, guid: 86330abc4891a5d4ba20290ab2318510, type: 2}
      propertyPath: m_LocalPosition.y
      value: 127.237625
      objectReference: {fileID: 0}
    - target: {fileID: 4551975899008908, guid: 86330abc4891a5d4ba20290ab2318510, type: 2}
      propertyPath: m_LocalPosition.z
      value: -6.5
      objectReference: {fileID: 0}
    - target: {fileID: 4551975899008908, guid: 86330abc4891a5d4ba20290ab2318510, type: 2}
      propertyPath: m_LocalRotation.x
      value: 0
      objectReference: {fileID: 0}
    - target: {fileID: 4551975899008908, guid: 86330abc4891a5d4ba20290ab2318510, type: 2}
      propertyPath: m_LocalRotation.y
      value: 0
      objectReference: {fileID: 0}
    - target: {fileID: 4551975899008908, guid: 86330abc4891a5d4ba20290ab2318510, type: 2}
      propertyPath: m_LocalRotation.z
      value: 0
      objectReference: {fileID: 0}
    - target: {fileID: 4551975899008908, guid: 86330abc4891a5d4ba20290ab2318510, type: 2}
      propertyPath: m_LocalRotation.w
      value: 1
      objectReference: {fileID: 0}
    - target: {fileID: 4551975899008908, guid: 86330abc4891a5d4ba20290ab2318510, type: 2}
      propertyPath: m_RootOrder
      value: 13
      objectReference: {fileID: 0}
    - target: {fileID: 23190556487668984, guid: 86330abc4891a5d4ba20290ab2318510,
        type: 2}
      propertyPath: m_Materials.Array.data[0]
      value: 
      objectReference: {fileID: 2100000, guid: da986d2a7778fc3459f5f23d87495d8b, type: 2}
    - target: {fileID: 33017760998055850, guid: 86330abc4891a5d4ba20290ab2318510,
        type: 2}
      propertyPath: m_Mesh
      value: 
      objectReference: {fileID: 0}
    - target: {fileID: 33048721161198000, guid: 86330abc4891a5d4ba20290ab2318510,
        type: 2}
      propertyPath: m_Mesh
      value: 
      objectReference: {fileID: 0}
    - target: {fileID: 33202054059280800, guid: 86330abc4891a5d4ba20290ab2318510,
        type: 2}
      propertyPath: m_Mesh
      value: 
      objectReference: {fileID: 0}
    - target: {fileID: 33265393674891114, guid: 86330abc4891a5d4ba20290ab2318510,
        type: 2}
      propertyPath: m_Mesh
      value: 
      objectReference: {fileID: 0}
    - target: {fileID: 33603127013922492, guid: 86330abc4891a5d4ba20290ab2318510,
        type: 2}
      propertyPath: m_Mesh
      value: 
      objectReference: {fileID: 0}
    - target: {fileID: 33753966583713084, guid: 86330abc4891a5d4ba20290ab2318510,
        type: 2}
      propertyPath: m_Mesh
      value: 
      objectReference: {fileID: 0}
    - target: {fileID: 33808030540883042, guid: 86330abc4891a5d4ba20290ab2318510,
        type: 2}
      propertyPath: m_Mesh
      value: 
      objectReference: {fileID: 0}
    - target: {fileID: 33989436954527424, guid: 86330abc4891a5d4ba20290ab2318510,
        type: 2}
      propertyPath: m_Mesh
      value: 
      objectReference: {fileID: 0}
    - target: {fileID: 223353058806632564, guid: 86330abc4891a5d4ba20290ab2318510,
        type: 2}
      propertyPath: m_Camera
      value: 
      objectReference: {fileID: 1221106804}
    - target: {fileID: 223388167715784152, guid: 86330abc4891a5d4ba20290ab2318510,
        type: 2}
      propertyPath: m_Camera
      value: 
      objectReference: {fileID: 1221106804}
    - target: {fileID: 223800098111644696, guid: 86330abc4891a5d4ba20290ab2318510,
        type: 2}
      propertyPath: m_Camera
      value: 
      objectReference: {fileID: 1221106804}
    - target: {fileID: 223785817482876832, guid: 86330abc4891a5d4ba20290ab2318510,
        type: 2}
      propertyPath: m_Camera
      value: 
      objectReference: {fileID: 1221106804}
    m_RemovedComponents: []
  m_ParentPrefab: {fileID: 100100000, guid: 86330abc4891a5d4ba20290ab2318510, type: 2}
  m_IsPrefabParent: 0
--- !u!223 &336879045 stripped
Canvas:
  m_PrefabParentObject: {fileID: 223353058806632564, guid: 86330abc4891a5d4ba20290ab2318510,
    type: 2}
  m_PrefabInternal: {fileID: 336879044}
--- !u!223 &336879046 stripped
Canvas:
  m_PrefabParentObject: {fileID: 223388167715784152, guid: 86330abc4891a5d4ba20290ab2318510,
    type: 2}
  m_PrefabInternal: {fileID: 336879044}
--- !u!223 &336879047 stripped
Canvas:
  m_PrefabParentObject: {fileID: 223800098111644696, guid: 86330abc4891a5d4ba20290ab2318510,
    type: 2}
  m_PrefabInternal: {fileID: 336879044}
--- !u!223 &336879048 stripped
Canvas:
  m_PrefabParentObject: {fileID: 223785817482876832, guid: 86330abc4891a5d4ba20290ab2318510,
    type: 2}
  m_PrefabInternal: {fileID: 336879044}
--- !u!82 &395408966 stripped
AudioSource:
  m_PrefabParentObject: {fileID: 82400119083963404, guid: d49168beae51e304aaf83595f9740101,
    type: 2}
  m_PrefabInternal: {fileID: 170841773}
--- !u!82 &460887326 stripped
AudioSource:
  m_PrefabParentObject: {fileID: 82733803439010452, guid: d49168beae51e304aaf83595f9740101,
    type: 2}
  m_PrefabInternal: {fileID: 170841773}
--- !u!1001 &478160868
Prefab:
  m_ObjectHideFlags: 0
  serializedVersion: 2
  m_Modification:
    m_TransformParent: {fileID: 0}
    m_Modifications:
    - target: {fileID: 4558735838063036, guid: abad1b3c3f73a5c498a56b4f6c0f334c, type: 2}
      propertyPath: m_LocalPosition.x
      value: 0
      objectReference: {fileID: 0}
    - target: {fileID: 4558735838063036, guid: abad1b3c3f73a5c498a56b4f6c0f334c, type: 2}
      propertyPath: m_LocalPosition.y
      value: 0
      objectReference: {fileID: 0}
    - target: {fileID: 4558735838063036, guid: abad1b3c3f73a5c498a56b4f6c0f334c, type: 2}
      propertyPath: m_LocalPosition.z
      value: 0
      objectReference: {fileID: 0}
    - target: {fileID: 4558735838063036, guid: abad1b3c3f73a5c498a56b4f6c0f334c, type: 2}
      propertyPath: m_LocalRotation.x
      value: 0
      objectReference: {fileID: 0}
    - target: {fileID: 4558735838063036, guid: abad1b3c3f73a5c498a56b4f6c0f334c, type: 2}
      propertyPath: m_LocalRotation.y
      value: 0
      objectReference: {fileID: 0}
    - target: {fileID: 4558735838063036, guid: abad1b3c3f73a5c498a56b4f6c0f334c, type: 2}
      propertyPath: m_LocalRotation.z
      value: 0
      objectReference: {fileID: 0}
    - target: {fileID: 4558735838063036, guid: abad1b3c3f73a5c498a56b4f6c0f334c, type: 2}
      propertyPath: m_LocalRotation.w
      value: 1
      objectReference: {fileID: 0}
    - target: {fileID: 4558735838063036, guid: abad1b3c3f73a5c498a56b4f6c0f334c, type: 2}
      propertyPath: m_RootOrder
      value: 5
      objectReference: {fileID: 0}
    - target: {fileID: 33569834792313010, guid: abad1b3c3f73a5c498a56b4f6c0f334c,
        type: 2}
      propertyPath: m_Mesh
      value: 
      objectReference: {fileID: 0}
    - target: {fileID: 1075576477532370, guid: abad1b3c3f73a5c498a56b4f6c0f334c, type: 2}
      propertyPath: m_Name
      value: Level
      objectReference: {fileID: 0}
    - target: {fileID: 23439800000468562, guid: abad1b3c3f73a5c498a56b4f6c0f334c,
        type: 2}
      propertyPath: m_Materials.Array.data[0]
      value: 
      objectReference: {fileID: 2100000, guid: 8cf3d8b19adbd0944975507e6b989524, type: 2}
    m_RemovedComponents: []
  m_ParentPrefab: {fileID: 100100000, guid: abad1b3c3f73a5c498a56b4f6c0f334c, type: 2}
  m_IsPrefabParent: 0
--- !u!1 &495787204 stripped
GameObject:
  m_PrefabParentObject: {fileID: 1090939049187664, guid: 16153f444d6138f4a98e14bae7a2fa19,
    type: 2}
  m_PrefabInternal: {fileID: 918351501}
--- !u!1001 &535033881
Prefab:
  m_ObjectHideFlags: 0
  serializedVersion: 2
  m_Modification:
    m_TransformParent: {fileID: 0}
    m_Modifications:
    - target: {fileID: 4958955097961960, guid: f702e0584cce03b47a5cb2bef1cd4289, type: 2}
      propertyPath: m_LocalPosition.x
      value: -0.04205227
      objectReference: {fileID: 0}
    - target: {fileID: 4958955097961960, guid: f702e0584cce03b47a5cb2bef1cd4289, type: 2}
      propertyPath: m_LocalPosition.y
      value: 7.9879055
      objectReference: {fileID: 0}
    - target: {fileID: 4958955097961960, guid: f702e0584cce03b47a5cb2bef1cd4289, type: 2}
      propertyPath: m_LocalPosition.z
      value: 0
      objectReference: {fileID: 0}
    - target: {fileID: 4958955097961960, guid: f702e0584cce03b47a5cb2bef1cd4289, type: 2}
      propertyPath: m_LocalRotation.x
      value: 0
      objectReference: {fileID: 0}
    - target: {fileID: 4958955097961960, guid: f702e0584cce03b47a5cb2bef1cd4289, type: 2}
      propertyPath: m_LocalRotation.y
      value: 0
      objectReference: {fileID: 0}
    - target: {fileID: 4958955097961960, guid: f702e0584cce03b47a5cb2bef1cd4289, type: 2}
      propertyPath: m_LocalRotation.z
      value: 0
      objectReference: {fileID: 0}
    - target: {fileID: 4958955097961960, guid: f702e0584cce03b47a5cb2bef1cd4289, type: 2}
      propertyPath: m_LocalRotation.w
      value: 1
      objectReference: {fileID: 0}
    - target: {fileID: 4958955097961960, guid: f702e0584cce03b47a5cb2bef1cd4289, type: 2}
      propertyPath: m_RootOrder
      value: 1
      objectReference: {fileID: 0}
    - target: {fileID: 114898759753839726, guid: f702e0584cce03b47a5cb2bef1cd4289,
        type: 2}
      propertyPath: m_timeText
      value: 
      objectReference: {fileID: 274435001}
    - target: {fileID: 114898759753839726, guid: f702e0584cce03b47a5cb2bef1cd4289,
        type: 2}
      propertyPath: m_countdownText
      value: 
      objectReference: {fileID: 655799965}
    m_RemovedComponents: []
  m_ParentPrefab: {fileID: 100100000, guid: f702e0584cce03b47a5cb2bef1cd4289, type: 2}
  m_IsPrefabParent: 0
--- !u!1 &535033882 stripped
GameObject:
  m_PrefabParentObject: {fileID: 1467765012796576, guid: f702e0584cce03b47a5cb2bef1cd4289,
    type: 2}
  m_PrefabInternal: {fileID: 535033881}
--- !u!114 &655799965 stripped
MonoBehaviour:
  m_PrefabParentObject: {fileID: 114127071229728352, guid: ca6bc23cc54138e4689f25a6e36e7b5b,
    type: 2}
  m_PrefabInternal: {fileID: 1326127177}
  m_Script: {fileID: 708705254, guid: f70555f144d8491a825f0804e09c671c, type: 3}
--- !u!1001 &666593484
Prefab:
  m_ObjectHideFlags: 0
  serializedVersion: 2
  m_Modification:
    m_TransformParent: {fileID: 0}
    m_Modifications:
    - target: {fileID: 224421161186523320, guid: 35c971fb8f55f4a44af85e1d3e5967da,
        type: 2}
      propertyPath: m_LocalPosition.x
      value: 0
      objectReference: {fileID: 0}
    - target: {fileID: 224421161186523320, guid: 35c971fb8f55f4a44af85e1d3e5967da,
        type: 2}
      propertyPath: m_LocalPosition.y
      value: 0
      objectReference: {fileID: 0}
    - target: {fileID: 224421161186523320, guid: 35c971fb8f55f4a44af85e1d3e5967da,
        type: 2}
      propertyPath: m_LocalPosition.z
      value: 0
      objectReference: {fileID: 0}
    - target: {fileID: 224421161186523320, guid: 35c971fb8f55f4a44af85e1d3e5967da,
        type: 2}
      propertyPath: m_LocalRotation.x
      value: 0
      objectReference: {fileID: 0}
    - target: {fileID: 224421161186523320, guid: 35c971fb8f55f4a44af85e1d3e5967da,
        type: 2}
      propertyPath: m_LocalRotation.y
      value: 0
      objectReference: {fileID: 0}
    - target: {fileID: 224421161186523320, guid: 35c971fb8f55f4a44af85e1d3e5967da,
        type: 2}
      propertyPath: m_LocalRotation.z
      value: 0
      objectReference: {fileID: 0}
    - target: {fileID: 224421161186523320, guid: 35c971fb8f55f4a44af85e1d3e5967da,
        type: 2}
      propertyPath: m_LocalRotation.w
      value: 1
      objectReference: {fileID: 0}
    - target: {fileID: 224421161186523320, guid: 35c971fb8f55f4a44af85e1d3e5967da,
        type: 2}
      propertyPath: m_RootOrder
      value: 12
      objectReference: {fileID: 0}
    - target: {fileID: 224421161186523320, guid: 35c971fb8f55f4a44af85e1d3e5967da,
        type: 2}
      propertyPath: m_AnchoredPosition.x
      value: 0
      objectReference: {fileID: 0}
    - target: {fileID: 224421161186523320, guid: 35c971fb8f55f4a44af85e1d3e5967da,
        type: 2}
      propertyPath: m_AnchoredPosition.y
      value: 0
      objectReference: {fileID: 0}
    - target: {fileID: 224421161186523320, guid: 35c971fb8f55f4a44af85e1d3e5967da,
        type: 2}
      propertyPath: m_SizeDelta.x
      value: 0
      objectReference: {fileID: 0}
    - target: {fileID: 224421161186523320, guid: 35c971fb8f55f4a44af85e1d3e5967da,
        type: 2}
      propertyPath: m_SizeDelta.y
      value: 0
      objectReference: {fileID: 0}
    - target: {fileID: 224421161186523320, guid: 35c971fb8f55f4a44af85e1d3e5967da,
        type: 2}
      propertyPath: m_AnchorMin.x
      value: 0
      objectReference: {fileID: 0}
    - target: {fileID: 224421161186523320, guid: 35c971fb8f55f4a44af85e1d3e5967da,
        type: 2}
      propertyPath: m_AnchorMin.y
      value: 0
      objectReference: {fileID: 0}
    - target: {fileID: 224421161186523320, guid: 35c971fb8f55f4a44af85e1d3e5967da,
        type: 2}
      propertyPath: m_AnchorMax.x
      value: 0
      objectReference: {fileID: 0}
    - target: {fileID: 224421161186523320, guid: 35c971fb8f55f4a44af85e1d3e5967da,
        type: 2}
      propertyPath: m_AnchorMax.y
      value: 0
      objectReference: {fileID: 0}
    - target: {fileID: 224421161186523320, guid: 35c971fb8f55f4a44af85e1d3e5967da,
        type: 2}
      propertyPath: m_Pivot.x
      value: 0
      objectReference: {fileID: 0}
    - target: {fileID: 224421161186523320, guid: 35c971fb8f55f4a44af85e1d3e5967da,
        type: 2}
      propertyPath: m_Pivot.y
      value: 0
      objectReference: {fileID: 0}
    - target: {fileID: 33968137892030352, guid: 35c971fb8f55f4a44af85e1d3e5967da,
        type: 2}
      propertyPath: m_Mesh
      value: 
      objectReference: {fileID: 0}
    - target: {fileID: 33240023700582956, guid: 35c971fb8f55f4a44af85e1d3e5967da,
        type: 2}
      propertyPath: m_Mesh
      value: 
      objectReference: {fileID: 0}
    - target: {fileID: 33625863344529666, guid: 35c971fb8f55f4a44af85e1d3e5967da,
        type: 2}
      propertyPath: m_Mesh
      value: 
      objectReference: {fileID: 0}
    - target: {fileID: 33122220464689176, guid: 35c971fb8f55f4a44af85e1d3e5967da,
        type: 2}
      propertyPath: m_Mesh
      value: 
      objectReference: {fileID: 0}
    - target: {fileID: 223386681757873998, guid: 35c971fb8f55f4a44af85e1d3e5967da,
        type: 2}
      propertyPath: m_Camera
      value: 
      objectReference: {fileID: 1221106804}
    m_RemovedComponents: []
  m_ParentPrefab: {fileID: 100100000, guid: 35c971fb8f55f4a44af85e1d3e5967da, type: 2}
  m_IsPrefabParent: 0
--- !u!223 &666593485 stripped
Canvas:
  m_PrefabParentObject: {fileID: 223386681757873998, guid: 35c971fb8f55f4a44af85e1d3e5967da,
    type: 2}
  m_PrefabInternal: {fileID: 666593484}
--- !u!1001 &784585121
Prefab:
  m_ObjectHideFlags: 0
  serializedVersion: 2
  m_Modification:
    m_TransformParent: {fileID: 0}
    m_Modifications:
    - target: {fileID: 224537863463328008, guid: 4961f7ef587d1eb44b07788875f2f2b8,
        type: 2}
      propertyPath: m_LocalPosition.x
      value: 0
      objectReference: {fileID: 0}
    - target: {fileID: 224537863463328008, guid: 4961f7ef587d1eb44b07788875f2f2b8,
        type: 2}
      propertyPath: m_LocalPosition.y
      value: 0
      objectReference: {fileID: 0}
    - target: {fileID: 224537863463328008, guid: 4961f7ef587d1eb44b07788875f2f2b8,
        type: 2}
      propertyPath: m_LocalPosition.z
      value: 0
      objectReference: {fileID: 0}
    - target: {fileID: 224537863463328008, guid: 4961f7ef587d1eb44b07788875f2f2b8,
        type: 2}
      propertyPath: m_LocalRotation.x
      value: 0
      objectReference: {fileID: 0}
    - target: {fileID: 224537863463328008, guid: 4961f7ef587d1eb44b07788875f2f2b8,
        type: 2}
      propertyPath: m_LocalRotation.y
      value: 0
      objectReference: {fileID: 0}
    - target: {fileID: 224537863463328008, guid: 4961f7ef587d1eb44b07788875f2f2b8,
        type: 2}
      propertyPath: m_LocalRotation.z
      value: 0
      objectReference: {fileID: 0}
    - target: {fileID: 224537863463328008, guid: 4961f7ef587d1eb44b07788875f2f2b8,
        type: 2}
      propertyPath: m_LocalRotation.w
      value: 1
      objectReference: {fileID: 0}
    - target: {fileID: 224537863463328008, guid: 4961f7ef587d1eb44b07788875f2f2b8,
        type: 2}
      propertyPath: m_RootOrder
      value: 7
      objectReference: {fileID: 0}
    - target: {fileID: 224537863463328008, guid: 4961f7ef587d1eb44b07788875f2f2b8,
        type: 2}
      propertyPath: m_AnchoredPosition.x
      value: 0
      objectReference: {fileID: 0}
    - target: {fileID: 224537863463328008, guid: 4961f7ef587d1eb44b07788875f2f2b8,
        type: 2}
      propertyPath: m_AnchoredPosition.y
      value: 0
      objectReference: {fileID: 0}
    - target: {fileID: 224537863463328008, guid: 4961f7ef587d1eb44b07788875f2f2b8,
        type: 2}
      propertyPath: m_SizeDelta.x
      value: 0
      objectReference: {fileID: 0}
    - target: {fileID: 224537863463328008, guid: 4961f7ef587d1eb44b07788875f2f2b8,
        type: 2}
      propertyPath: m_SizeDelta.y
      value: 0
      objectReference: {fileID: 0}
    - target: {fileID: 224537863463328008, guid: 4961f7ef587d1eb44b07788875f2f2b8,
        type: 2}
      propertyPath: m_AnchorMin.x
      value: 0
      objectReference: {fileID: 0}
    - target: {fileID: 224537863463328008, guid: 4961f7ef587d1eb44b07788875f2f2b8,
        type: 2}
      propertyPath: m_AnchorMin.y
      value: 0
      objectReference: {fileID: 0}
    - target: {fileID: 224537863463328008, guid: 4961f7ef587d1eb44b07788875f2f2b8,
        type: 2}
      propertyPath: m_AnchorMax.x
      value: 0
      objectReference: {fileID: 0}
    - target: {fileID: 224537863463328008, guid: 4961f7ef587d1eb44b07788875f2f2b8,
        type: 2}
      propertyPath: m_AnchorMax.y
      value: 0
      objectReference: {fileID: 0}
    - target: {fileID: 224537863463328008, guid: 4961f7ef587d1eb44b07788875f2f2b8,
        type: 2}
      propertyPath: m_Pivot.x
      value: 0
      objectReference: {fileID: 0}
    - target: {fileID: 224537863463328008, guid: 4961f7ef587d1eb44b07788875f2f2b8,
        type: 2}
      propertyPath: m_Pivot.y
      value: 0
      objectReference: {fileID: 0}
    - target: {fileID: 114579736146148056, guid: 4961f7ef587d1eb44b07788875f2f2b8,
        type: 2}
      propertyPath: m_levelUpCanvas
      value: 
      objectReference: {fileID: 985159860}
    - target: {fileID: 223275944572572382, guid: 4961f7ef587d1eb44b07788875f2f2b8,
        type: 2}
      propertyPath: m_Camera
      value: 
      objectReference: {fileID: 1221106804}
    - target: {fileID: 1647821104006094, guid: 4961f7ef587d1eb44b07788875f2f2b8, type: 2}
      propertyPath: m_IsActive
      value: 0
      objectReference: {fileID: 0}
    m_RemovedComponents: []
  m_ParentPrefab: {fileID: 100100000, guid: 4961f7ef587d1eb44b07788875f2f2b8, type: 2}
  m_IsPrefabParent: 0
--- !u!114 &847054204 stripped
MonoBehaviour:
  m_PrefabParentObject: {fileID: 114201845590022392, guid: af22d86f493443042a0207318f63a9a3,
    type: 2}
  m_PrefabInternal: {fileID: 1741844017}
  m_Script: {fileID: 1392445389, guid: f70555f144d8491a825f0804e09c671c, type: 3}
--- !u!1001 &918351501
Prefab:
  m_ObjectHideFlags: 0
  serializedVersion: 2
  m_Modification:
    m_TransformParent: {fileID: 0}
    m_Modifications:
    - target: {fileID: 224664668830443520, guid: 16153f444d6138f4a98e14bae7a2fa19,
        type: 2}
      propertyPath: m_LocalPosition.x
      value: 0
      objectReference: {fileID: 0}
    - target: {fileID: 224664668830443520, guid: 16153f444d6138f4a98e14bae7a2fa19,
        type: 2}
      propertyPath: m_LocalPosition.y
      value: 0
      objectReference: {fileID: 0}
    - target: {fileID: 224664668830443520, guid: 16153f444d6138f4a98e14bae7a2fa19,
        type: 2}
      propertyPath: m_LocalPosition.z
      value: 0
      objectReference: {fileID: 0}
    - target: {fileID: 224664668830443520, guid: 16153f444d6138f4a98e14bae7a2fa19,
        type: 2}
      propertyPath: m_LocalRotation.x
      value: 0
      objectReference: {fileID: 0}
    - target: {fileID: 224664668830443520, guid: 16153f444d6138f4a98e14bae7a2fa19,
        type: 2}
      propertyPath: m_LocalRotation.y
      value: 0
      objectReference: {fileID: 0}
    - target: {fileID: 224664668830443520, guid: 16153f444d6138f4a98e14bae7a2fa19,
        type: 2}
      propertyPath: m_LocalRotation.z
      value: 0
      objectReference: {fileID: 0}
    - target: {fileID: 224664668830443520, guid: 16153f444d6138f4a98e14bae7a2fa19,
        type: 2}
      propertyPath: m_LocalRotation.w
      value: 1
      objectReference: {fileID: 0}
    - target: {fileID: 224664668830443520, guid: 16153f444d6138f4a98e14bae7a2fa19,
        type: 2}
      propertyPath: m_RootOrder
      value: 9
      objectReference: {fileID: 0}
    - target: {fileID: 224664668830443520, guid: 16153f444d6138f4a98e14bae7a2fa19,
        type: 2}
      propertyPath: m_AnchoredPosition.x
      value: 0
      objectReference: {fileID: 0}
    - target: {fileID: 224664668830443520, guid: 16153f444d6138f4a98e14bae7a2fa19,
        type: 2}
      propertyPath: m_AnchoredPosition.y
      value: 0
      objectReference: {fileID: 0}
    - target: {fileID: 224664668830443520, guid: 16153f444d6138f4a98e14bae7a2fa19,
        type: 2}
      propertyPath: m_SizeDelta.x
      value: 0
      objectReference: {fileID: 0}
    - target: {fileID: 224664668830443520, guid: 16153f444d6138f4a98e14bae7a2fa19,
        type: 2}
      propertyPath: m_SizeDelta.y
      value: 0
      objectReference: {fileID: 0}
    - target: {fileID: 224664668830443520, guid: 16153f444d6138f4a98e14bae7a2fa19,
        type: 2}
      propertyPath: m_AnchorMin.x
      value: 0
      objectReference: {fileID: 0}
    - target: {fileID: 224664668830443520, guid: 16153f444d6138f4a98e14bae7a2fa19,
        type: 2}
      propertyPath: m_AnchorMin.y
      value: 0
      objectReference: {fileID: 0}
    - target: {fileID: 224664668830443520, guid: 16153f444d6138f4a98e14bae7a2fa19,
        type: 2}
      propertyPath: m_AnchorMax.x
      value: 0
      objectReference: {fileID: 0}
    - target: {fileID: 224664668830443520, guid: 16153f444d6138f4a98e14bae7a2fa19,
        type: 2}
      propertyPath: m_AnchorMax.y
      value: 0
      objectReference: {fileID: 0}
    - target: {fileID: 224664668830443520, guid: 16153f444d6138f4a98e14bae7a2fa19,
        type: 2}
      propertyPath: m_Pivot.x
      value: 0
      objectReference: {fileID: 0}
    - target: {fileID: 224664668830443520, guid: 16153f444d6138f4a98e14bae7a2fa19,
        type: 2}
      propertyPath: m_Pivot.y
      value: 0
      objectReference: {fileID: 0}
    - target: {fileID: 114745798382679972, guid: 16153f444d6138f4a98e14bae7a2fa19,
        type: 2}
      propertyPath: m_eventSystem
      value: 
      objectReference: {fileID: 1523632530}
    - target: {fileID: 114697686904532842, guid: 16153f444d6138f4a98e14bae7a2fa19,
        type: 2}
      propertyPath: m_OnClick.m_PersistentCalls.m_Calls.Array.data[0].m_Target
      value: 
      objectReference: {fileID: 1965139674}
    - target: {fileID: 114697686904532842, guid: 16153f444d6138f4a98e14bae7a2fa19,
        type: 2}
      propertyPath: m_OnClick.m_PersistentCalls.m_Calls.Array.data[2].m_Target
      value: 
      objectReference: {fileID: 1523632530}
    - target: {fileID: 114697686904532842, guid: 16153f444d6138f4a98e14bae7a2fa19,
        type: 2}
      propertyPath: m_OnClick.m_PersistentCalls.m_Calls.Array.data[2].m_Arguments.m_ObjectArgument
      value: 
      objectReference: {fileID: 1942942644}
    - target: {fileID: 114998668201513212, guid: 16153f444d6138f4a98e14bae7a2fa19,
        type: 2}
      propertyPath: m_OnClick.m_PersistentCalls.m_Calls.Array.data[0].m_Target
      value: 
      objectReference: {fileID: 1188083675}
    m_RemovedComponents:
    - {fileID: 114032197253834098, guid: 16153f444d6138f4a98e14bae7a2fa19, type: 2}
    - {fileID: 114089259058713770, guid: 16153f444d6138f4a98e14bae7a2fa19, type: 2}
    - {fileID: 114089489421693046, guid: 16153f444d6138f4a98e14bae7a2fa19, type: 2}
  m_ParentPrefab: {fileID: 100100000, guid: 16153f444d6138f4a98e14bae7a2fa19, type: 2}
  m_IsPrefabParent: 0
--- !u!1001 &985159857
Prefab:
  m_ObjectHideFlags: 0
  serializedVersion: 2
  m_Modification:
    m_TransformParent: {fileID: 0}
    m_Modifications:
    - target: {fileID: 224388285679021626, guid: 0a4b138ec2515f54fb92e1485d8e454d,
        type: 2}
      propertyPath: m_LocalPosition.x
      value: 0
      objectReference: {fileID: 0}
    - target: {fileID: 224388285679021626, guid: 0a4b138ec2515f54fb92e1485d8e454d,
        type: 2}
      propertyPath: m_LocalPosition.y
      value: 0
      objectReference: {fileID: 0}
    - target: {fileID: 224388285679021626, guid: 0a4b138ec2515f54fb92e1485d8e454d,
        type: 2}
      propertyPath: m_LocalPosition.z
      value: 0
      objectReference: {fileID: 0}
    - target: {fileID: 224388285679021626, guid: 0a4b138ec2515f54fb92e1485d8e454d,
        type: 2}
      propertyPath: m_LocalRotation.x
      value: 0
      objectReference: {fileID: 0}
    - target: {fileID: 224388285679021626, guid: 0a4b138ec2515f54fb92e1485d8e454d,
        type: 2}
      propertyPath: m_LocalRotation.y
      value: 0
      objectReference: {fileID: 0}
    - target: {fileID: 224388285679021626, guid: 0a4b138ec2515f54fb92e1485d8e454d,
        type: 2}
      propertyPath: m_LocalRotation.z
      value: 0
      objectReference: {fileID: 0}
    - target: {fileID: 224388285679021626, guid: 0a4b138ec2515f54fb92e1485d8e454d,
        type: 2}
      propertyPath: m_LocalRotation.w
      value: 1
      objectReference: {fileID: 0}
    - target: {fileID: 224388285679021626, guid: 0a4b138ec2515f54fb92e1485d8e454d,
        type: 2}
      propertyPath: m_RootOrder
      value: 6
      objectReference: {fileID: 0}
    - target: {fileID: 224388285679021626, guid: 0a4b138ec2515f54fb92e1485d8e454d,
        type: 2}
      propertyPath: m_AnchoredPosition.x
      value: 0
      objectReference: {fileID: 0}
    - target: {fileID: 224388285679021626, guid: 0a4b138ec2515f54fb92e1485d8e454d,
        type: 2}
      propertyPath: m_AnchoredPosition.y
      value: 0
      objectReference: {fileID: 0}
    - target: {fileID: 224388285679021626, guid: 0a4b138ec2515f54fb92e1485d8e454d,
        type: 2}
      propertyPath: m_SizeDelta.x
      value: 0
      objectReference: {fileID: 0}
    - target: {fileID: 224388285679021626, guid: 0a4b138ec2515f54fb92e1485d8e454d,
        type: 2}
      propertyPath: m_SizeDelta.y
      value: 0
      objectReference: {fileID: 0}
    - target: {fileID: 224388285679021626, guid: 0a4b138ec2515f54fb92e1485d8e454d,
        type: 2}
      propertyPath: m_AnchorMin.x
      value: 0
      objectReference: {fileID: 0}
    - target: {fileID: 224388285679021626, guid: 0a4b138ec2515f54fb92e1485d8e454d,
        type: 2}
      propertyPath: m_AnchorMin.y
      value: 0
      objectReference: {fileID: 0}
    - target: {fileID: 224388285679021626, guid: 0a4b138ec2515f54fb92e1485d8e454d,
        type: 2}
      propertyPath: m_AnchorMax.x
      value: 0
      objectReference: {fileID: 0}
    - target: {fileID: 224388285679021626, guid: 0a4b138ec2515f54fb92e1485d8e454d,
        type: 2}
      propertyPath: m_AnchorMax.y
      value: 0
      objectReference: {fileID: 0}
    - target: {fileID: 224388285679021626, guid: 0a4b138ec2515f54fb92e1485d8e454d,
        type: 2}
      propertyPath: m_Pivot.x
      value: 0
      objectReference: {fileID: 0}
    - target: {fileID: 224388285679021626, guid: 0a4b138ec2515f54fb92e1485d8e454d,
        type: 2}
      propertyPath: m_Pivot.y
      value: 0
      objectReference: {fileID: 0}
    - target: {fileID: 33561242442496106, guid: 0a4b138ec2515f54fb92e1485d8e454d,
        type: 2}
      propertyPath: m_Mesh
      value: 
      objectReference: {fileID: 0}
    - target: {fileID: 33208127742295426, guid: 0a4b138ec2515f54fb92e1485d8e454d,
        type: 2}
      propertyPath: m_Mesh
      value: 
      objectReference: {fileID: 0}
    - target: {fileID: 33849151356244872, guid: 0a4b138ec2515f54fb92e1485d8e454d,
        type: 2}
      propertyPath: m_Mesh
      value: 
      objectReference: {fileID: 0}
    - target: {fileID: 33356845559038746, guid: 0a4b138ec2515f54fb92e1485d8e454d,
        type: 2}
      propertyPath: m_Mesh
      value: 
      objectReference: {fileID: 0}
    - target: {fileID: 114866908080974700, guid: 0a4b138ec2515f54fb92e1485d8e454d,
        type: 2}
      propertyPath: m_eventSystem
      value: 
      objectReference: {fileID: 1523632530}
    - target: {fileID: 114866908080974700, guid: 0a4b138ec2515f54fb92e1485d8e454d,
        type: 2}
      propertyPath: m_nextLevelCanvas
      value: 
      objectReference: {fileID: 1641479765}
    - target: {fileID: 223911479154978606, guid: 0a4b138ec2515f54fb92e1485d8e454d,
        type: 2}
      propertyPath: m_Camera
      value: 
      objectReference: {fileID: 1221106804}
    - target: {fileID: 1658836560394344, guid: 0a4b138ec2515f54fb92e1485d8e454d, type: 2}
      propertyPath: m_IsActive
      value: 0
      objectReference: {fileID: 0}
    m_RemovedComponents: []
  m_ParentPrefab: {fileID: 100100000, guid: 0a4b138ec2515f54fb92e1485d8e454d, type: 2}
  m_IsPrefabParent: 0
--- !u!1 &985159860 stripped
GameObject:
  m_PrefabParentObject: {fileID: 1658836560394344, guid: 0a4b138ec2515f54fb92e1485d8e454d,
    type: 2}
  m_PrefabInternal: {fileID: 985159857}
--- !u!1001 &1035454225
Prefab:
  m_ObjectHideFlags: 0
  serializedVersion: 2
  m_Modification:
    m_TransformParent: {fileID: 0}
    m_Modifications:
    - target: {fileID: 224990858422960520, guid: b083eda3627a9bf42814fc053fcb9b17,
        type: 2}
      propertyPath: m_LocalPosition.x
      value: 0
      objectReference: {fileID: 0}
    - target: {fileID: 224990858422960520, guid: b083eda3627a9bf42814fc053fcb9b17,
        type: 2}
      propertyPath: m_LocalPosition.y
      value: 0
      objectReference: {fileID: 0}
    - target: {fileID: 224990858422960520, guid: b083eda3627a9bf42814fc053fcb9b17,
        type: 2}
      propertyPath: m_LocalPosition.z
      value: 0
      objectReference: {fileID: 0}
    - target: {fileID: 224990858422960520, guid: b083eda3627a9bf42814fc053fcb9b17,
        type: 2}
      propertyPath: m_LocalRotation.x
      value: 0
      objectReference: {fileID: 0}
    - target: {fileID: 224990858422960520, guid: b083eda3627a9bf42814fc053fcb9b17,
        type: 2}
      propertyPath: m_LocalRotation.y
      value: 0
      objectReference: {fileID: 0}
    - target: {fileID: 224990858422960520, guid: b083eda3627a9bf42814fc053fcb9b17,
        type: 2}
      propertyPath: m_LocalRotation.z
      value: 0
      objectReference: {fileID: 0}
    - target: {fileID: 224990858422960520, guid: b083eda3627a9bf42814fc053fcb9b17,
        type: 2}
      propertyPath: m_LocalRotation.w
      value: 1
      objectReference: {fileID: 0}
    - target: {fileID: 224990858422960520, guid: b083eda3627a9bf42814fc053fcb9b17,
        type: 2}
      propertyPath: m_RootOrder
      value: 8
      objectReference: {fileID: 0}
    - target: {fileID: 224990858422960520, guid: b083eda3627a9bf42814fc053fcb9b17,
        type: 2}
      propertyPath: m_AnchoredPosition.x
      value: 0
      objectReference: {fileID: 0}
    - target: {fileID: 224990858422960520, guid: b083eda3627a9bf42814fc053fcb9b17,
        type: 2}
      propertyPath: m_AnchoredPosition.y
      value: 0
      objectReference: {fileID: 0}
    - target: {fileID: 224990858422960520, guid: b083eda3627a9bf42814fc053fcb9b17,
        type: 2}
      propertyPath: m_SizeDelta.x
      value: 0
      objectReference: {fileID: 0}
    - target: {fileID: 224990858422960520, guid: b083eda3627a9bf42814fc053fcb9b17,
        type: 2}
      propertyPath: m_SizeDelta.y
      value: 0
      objectReference: {fileID: 0}
    - target: {fileID: 224990858422960520, guid: b083eda3627a9bf42814fc053fcb9b17,
        type: 2}
      propertyPath: m_AnchorMin.x
      value: 0
      objectReference: {fileID: 0}
    - target: {fileID: 224990858422960520, guid: b083eda3627a9bf42814fc053fcb9b17,
        type: 2}
      propertyPath: m_AnchorMin.y
      value: 0
      objectReference: {fileID: 0}
    - target: {fileID: 224990858422960520, guid: b083eda3627a9bf42814fc053fcb9b17,
        type: 2}
      propertyPath: m_AnchorMax.x
      value: 0
      objectReference: {fileID: 0}
    - target: {fileID: 224990858422960520, guid: b083eda3627a9bf42814fc053fcb9b17,
        type: 2}
      propertyPath: m_AnchorMax.y
      value: 0
      objectReference: {fileID: 0}
    - target: {fileID: 224990858422960520, guid: b083eda3627a9bf42814fc053fcb9b17,
        type: 2}
      propertyPath: m_Pivot.x
      value: 0
      objectReference: {fileID: 0}
    - target: {fileID: 224990858422960520, guid: b083eda3627a9bf42814fc053fcb9b17,
        type: 2}
      propertyPath: m_Pivot.y
      value: 0
      objectReference: {fileID: 0}
    - target: {fileID: 1561862733228298, guid: b083eda3627a9bf42814fc053fcb9b17, type: 2}
      propertyPath: m_IsActive
      value: 1
      objectReference: {fileID: 0}
    - target: {fileID: 114474349251987572, guid: b083eda3627a9bf42814fc053fcb9b17,
        type: 2}
      propertyPath: m_OnClick.m_PersistentCalls.m_Calls.Array.data[1].m_Target
      value: 
      objectReference: {fileID: 11018103}
    - target: {fileID: 114474349251987572, guid: b083eda3627a9bf42814fc053fcb9b17,
        type: 2}
      propertyPath: m_OnClick.m_PersistentCalls.m_Calls.Array.data[1].m_MethodName
      value: SetActive
      objectReference: {fileID: 0}
    - target: {fileID: 114474349251987572, guid: b083eda3627a9bf42814fc053fcb9b17,
        type: 2}
      propertyPath: m_OnClick.m_PersistentCalls.m_Calls.Array.data[2].m_Target
      value: 
      objectReference: {fileID: 1523632530}
    - target: {fileID: 114474349251987572, guid: b083eda3627a9bf42814fc053fcb9b17,
        type: 2}
      propertyPath: m_OnClick.m_PersistentCalls.m_Calls.Array.data[2].m_MethodName
      value: SetSelectedGameObject
      objectReference: {fileID: 0}
    - target: {fileID: 114474349251987572, guid: b083eda3627a9bf42814fc053fcb9b17,
        type: 2}
      propertyPath: m_OnClick.m_PersistentCalls.m_Calls.Array.data[2].m_Arguments.m_ObjectArgument
      value: 
      objectReference: {fileID: 1755686625}
    - target: {fileID: 224829634535659370, guid: b083eda3627a9bf42814fc053fcb9b17,
        type: 2}
      propertyPath: m_RootOrder
      value: 2
      objectReference: {fileID: 0}
    - target: {fileID: 224956052600926740, guid: b083eda3627a9bf42814fc053fcb9b17,
        type: 2}
      propertyPath: m_RootOrder
      value: 1
      objectReference: {fileID: 0}
    m_RemovedComponents: []
  m_ParentPrefab: {fileID: 100100000, guid: b083eda3627a9bf42814fc053fcb9b17, type: 2}
  m_IsPrefabParent: 0
--- !u!114 &1188083675 stripped
MonoBehaviour:
  m_PrefabParentObject: {fileID: 114122331668203456, guid: 34d6cfe556c40fa47bcdf1617b1f36aa,
    type: 2}
  m_PrefabInternal: {fileID: 1464495124}
  m_Script: {fileID: 11500000, guid: d4f23465c4713bf49a2e61e94e81f446, type: 3}
--- !u!1001 &1221106803
Prefab:
  m_ObjectHideFlags: 0
  serializedVersion: 2
  m_Modification:
    m_TransformParent: {fileID: 0}
    m_Modifications:
    - target: {fileID: 4115818479343346, guid: b770190cef7c6d94691ca9a054d93d11, type: 2}
      propertyPath: m_LocalPosition.x
      value: -0
      objectReference: {fileID: 0}
    - target: {fileID: 4115818479343346, guid: b770190cef7c6d94691ca9a054d93d11, type: 2}
      propertyPath: m_LocalPosition.y
      value: 0
      objectReference: {fileID: 0}
    - target: {fileID: 4115818479343346, guid: b770190cef7c6d94691ca9a054d93d11, type: 2}
      propertyPath: m_LocalPosition.z
      value: -337.97
      objectReference: {fileID: 0}
    - target: {fileID: 4115818479343346, guid: b770190cef7c6d94691ca9a054d93d11, type: 2}
      propertyPath: m_LocalRotation.x
      value: 0
      objectReference: {fileID: 0}
    - target: {fileID: 4115818479343346, guid: b770190cef7c6d94691ca9a054d93d11, type: 2}
      propertyPath: m_LocalRotation.y
      value: 0
      objectReference: {fileID: 0}
    - target: {fileID: 4115818479343346, guid: b770190cef7c6d94691ca9a054d93d11, type: 2}
      propertyPath: m_LocalRotation.z
      value: 0
      objectReference: {fileID: 0}
    - target: {fileID: 4115818479343346, guid: b770190cef7c6d94691ca9a054d93d11, type: 2}
      propertyPath: m_LocalRotation.w
      value: 1
      objectReference: {fileID: 0}
    - target: {fileID: 4115818479343346, guid: b770190cef7c6d94691ca9a054d93d11, type: 2}
      propertyPath: m_RootOrder
      value: 0
      objectReference: {fileID: 0}
    m_RemovedComponents: []
  m_ParentPrefab: {fileID: 100100000, guid: b770190cef7c6d94691ca9a054d93d11, type: 2}
  m_IsPrefabParent: 0
--- !u!20 &1221106804 stripped
Camera:
  m_PrefabParentObject: {fileID: 20240101684951430, guid: b770190cef7c6d94691ca9a054d93d11,
    type: 2}
  m_PrefabInternal: {fileID: 1221106803}
--- !u!1 &1323389259 stripped
GameObject:
  m_PrefabParentObject: {fileID: 1941071009086010, guid: ca6bc23cc54138e4689f25a6e36e7b5b,
    type: 2}
  m_PrefabInternal: {fileID: 1326127177}
--- !u!114 &1323389260
MonoBehaviour:
  m_ObjectHideFlags: 0
  m_PrefabParentObject: {fileID: 0}
  m_PrefabInternal: {fileID: 0}
  m_GameObject: {fileID: 1323389259}
  m_Enabled: 1
  m_EditorHideFlags: 0
  m_Script: {fileID: 11500000, guid: f11f56e75efc8a74cb35ceb96db8aa10, type: 3}
  m_Name: 
  m_EditorClassIdentifier: 
--- !u!1001 &1326127177
Prefab:
  m_ObjectHideFlags: 0
  serializedVersion: 2
  m_Modification:
    m_TransformParent: {fileID: 0}
    m_Modifications:
    - target: {fileID: 224559756423860038, guid: ca6bc23cc54138e4689f25a6e36e7b5b,
        type: 2}
      propertyPath: m_LocalPosition.x
      value: 0
      objectReference: {fileID: 0}
    - target: {fileID: 224559756423860038, guid: ca6bc23cc54138e4689f25a6e36e7b5b,
        type: 2}
      propertyPath: m_LocalPosition.y
      value: 0
      objectReference: {fileID: 0}
    - target: {fileID: 224559756423860038, guid: ca6bc23cc54138e4689f25a6e36e7b5b,
        type: 2}
      propertyPath: m_LocalPosition.z
      value: 0
      objectReference: {fileID: 0}
    - target: {fileID: 224559756423860038, guid: ca6bc23cc54138e4689f25a6e36e7b5b,
        type: 2}
      propertyPath: m_LocalRotation.x
      value: 0
      objectReference: {fileID: 0}
    - target: {fileID: 224559756423860038, guid: ca6bc23cc54138e4689f25a6e36e7b5b,
        type: 2}
      propertyPath: m_LocalRotation.y
      value: 0
      objectReference: {fileID: 0}
    - target: {fileID: 224559756423860038, guid: ca6bc23cc54138e4689f25a6e36e7b5b,
        type: 2}
      propertyPath: m_LocalRotation.z
      value: 0
      objectReference: {fileID: 0}
    - target: {fileID: 224559756423860038, guid: ca6bc23cc54138e4689f25a6e36e7b5b,
        type: 2}
      propertyPath: m_LocalRotation.w
      value: 1
      objectReference: {fileID: 0}
    - target: {fileID: 224559756423860038, guid: ca6bc23cc54138e4689f25a6e36e7b5b,
        type: 2}
      propertyPath: m_RootOrder
      value: 3
      objectReference: {fileID: 0}
    - target: {fileID: 224559756423860038, guid: ca6bc23cc54138e4689f25a6e36e7b5b,
        type: 2}
      propertyPath: m_AnchoredPosition.x
      value: 0
      objectReference: {fileID: 0}
    - target: {fileID: 224559756423860038, guid: ca6bc23cc54138e4689f25a6e36e7b5b,
        type: 2}
      propertyPath: m_AnchoredPosition.y
      value: 0
      objectReference: {fileID: 0}
    - target: {fileID: 224559756423860038, guid: ca6bc23cc54138e4689f25a6e36e7b5b,
        type: 2}
      propertyPath: m_SizeDelta.x
      value: 0
      objectReference: {fileID: 0}
    - target: {fileID: 224559756423860038, guid: ca6bc23cc54138e4689f25a6e36e7b5b,
        type: 2}
      propertyPath: m_SizeDelta.y
      value: 0
      objectReference: {fileID: 0}
    - target: {fileID: 224559756423860038, guid: ca6bc23cc54138e4689f25a6e36e7b5b,
        type: 2}
      propertyPath: m_AnchorMin.x
      value: 0
      objectReference: {fileID: 0}
    - target: {fileID: 224559756423860038, guid: ca6bc23cc54138e4689f25a6e36e7b5b,
        type: 2}
      propertyPath: m_AnchorMin.y
      value: 0
      objectReference: {fileID: 0}
    - target: {fileID: 224559756423860038, guid: ca6bc23cc54138e4689f25a6e36e7b5b,
        type: 2}
      propertyPath: m_AnchorMax.x
      value: 0
      objectReference: {fileID: 0}
    - target: {fileID: 224559756423860038, guid: ca6bc23cc54138e4689f25a6e36e7b5b,
        type: 2}
      propertyPath: m_AnchorMax.y
      value: 0
      objectReference: {fileID: 0}
    - target: {fileID: 224559756423860038, guid: ca6bc23cc54138e4689f25a6e36e7b5b,
        type: 2}
      propertyPath: m_Pivot.x
      value: 0
      objectReference: {fileID: 0}
    - target: {fileID: 224559756423860038, guid: ca6bc23cc54138e4689f25a6e36e7b5b,
        type: 2}
      propertyPath: m_Pivot.y
      value: 0
      objectReference: {fileID: 0}
    - target: {fileID: 223762776172023156, guid: ca6bc23cc54138e4689f25a6e36e7b5b,
        type: 2}
      propertyPath: m_Camera
      value: 
      objectReference: {fileID: 1221106804}
    - target: {fileID: 223762776172023156, guid: ca6bc23cc54138e4689f25a6e36e7b5b,
        type: 2}
      propertyPath: m_SortingOrder
      value: 5
      objectReference: {fileID: 0}
    m_RemovedComponents: []
  m_ParentPrefab: {fileID: 100100000, guid: ca6bc23cc54138e4689f25a6e36e7b5b, type: 2}
  m_IsPrefabParent: 0
--- !u!114 &1401270910 stripped
MonoBehaviour:
  m_PrefabParentObject: {fileID: 114562923093707562, guid: ca6bc23cc54138e4689f25a6e36e7b5b,
    type: 2}
  m_PrefabInternal: {fileID: 1326127177}
  m_Script: {fileID: 708705254, guid: f5f67c52d1564df4a8936ccd202a3bd8, type: 3}
--- !u!1001 &1462310274
Prefab:
  m_ObjectHideFlags: 0
  serializedVersion: 2
  m_Modification:
    m_TransformParent: {fileID: 0}
    m_Modifications:
    - target: {fileID: 4417909596341472, guid: 460b26ea6cd9ed84687f21030f8dbed8, type: 2}
      propertyPath: m_LocalPosition.x
      value: 0
      objectReference: {fileID: 0}
    - target: {fileID: 4417909596341472, guid: 460b26ea6cd9ed84687f21030f8dbed8, type: 2}
      propertyPath: m_LocalPosition.y
      value: 0
      objectReference: {fileID: 0}
    - target: {fileID: 4417909596341472, guid: 460b26ea6cd9ed84687f21030f8dbed8, type: 2}
      propertyPath: m_LocalPosition.z
      value: 0
      objectReference: {fileID: 0}
    - target: {fileID: 4417909596341472, guid: 460b26ea6cd9ed84687f21030f8dbed8, type: 2}
      propertyPath: m_LocalRotation.x
      value: 0
      objectReference: {fileID: 0}
    - target: {fileID: 4417909596341472, guid: 460b26ea6cd9ed84687f21030f8dbed8, type: 2}
      propertyPath: m_LocalRotation.y
      value: 0
      objectReference: {fileID: 0}
    - target: {fileID: 4417909596341472, guid: 460b26ea6cd9ed84687f21030f8dbed8, type: 2}
      propertyPath: m_LocalRotation.z
      value: 0
      objectReference: {fileID: 0}
    - target: {fileID: 4417909596341472, guid: 460b26ea6cd9ed84687f21030f8dbed8, type: 2}
      propertyPath: m_LocalRotation.w
      value: 1
      objectReference: {fileID: 0}
    - target: {fileID: 4417909596341472, guid: 460b26ea6cd9ed84687f21030f8dbed8, type: 2}
      propertyPath: m_RootOrder
      value: 10
      objectReference: {fileID: 0}
    m_RemovedComponents: []
  m_ParentPrefab: {fileID: 100100000, guid: 460b26ea6cd9ed84687f21030f8dbed8, type: 2}
  m_IsPrefabParent: 0
--- !u!1001 &1464495124
Prefab:
  m_ObjectHideFlags: 0
  serializedVersion: 2
  m_Modification:
    m_TransformParent: {fileID: 0}
    m_Modifications:
    - target: {fileID: 4582904476592950, guid: 34d6cfe556c40fa47bcdf1617b1f36aa, type: 2}
      propertyPath: m_LocalPosition.x
      value: 0
      objectReference: {fileID: 0}
    - target: {fileID: 4582904476592950, guid: 34d6cfe556c40fa47bcdf1617b1f36aa, type: 2}
      propertyPath: m_LocalPosition.y
      value: 0
      objectReference: {fileID: 0}
    - target: {fileID: 4582904476592950, guid: 34d6cfe556c40fa47bcdf1617b1f36aa, type: 2}
      propertyPath: m_LocalPosition.z
      value: 0
      objectReference: {fileID: 0}
    - target: {fileID: 4582904476592950, guid: 34d6cfe556c40fa47bcdf1617b1f36aa, type: 2}
      propertyPath: m_LocalRotation.x
      value: 0
      objectReference: {fileID: 0}
    - target: {fileID: 4582904476592950, guid: 34d6cfe556c40fa47bcdf1617b1f36aa, type: 2}
      propertyPath: m_LocalRotation.y
      value: 0
      objectReference: {fileID: 0}
    - target: {fileID: 4582904476592950, guid: 34d6cfe556c40fa47bcdf1617b1f36aa, type: 2}
      propertyPath: m_LocalRotation.z
      value: 0
      objectReference: {fileID: 0}
    - target: {fileID: 4582904476592950, guid: 34d6cfe556c40fa47bcdf1617b1f36aa, type: 2}
      propertyPath: m_LocalRotation.w
      value: 1
      objectReference: {fileID: 0}
    - target: {fileID: 4582904476592950, guid: 34d6cfe556c40fa47bcdf1617b1f36aa, type: 2}
      propertyPath: m_RootOrder
      value: 4
      objectReference: {fileID: 0}
    - target: {fileID: 114463658763539640, guid: 34d6cfe556c40fa47bcdf1617b1f36aa,
        type: 2}
      propertyPath: m_Countdown
      value: 
      objectReference: {fileID: 1401270910}
    - target: {fileID: 114463658763539640, guid: 34d6cfe556c40fa47bcdf1617b1f36aa,
        type: 2}
      propertyPath: m_doNotSleep
      value: 
      objectReference: {fileID: 1766435186}
    - target: {fileID: 114463658763539640, guid: 34d6cfe556c40fa47bcdf1617b1f36aa,
        type: 2}
      propertyPath: m_winnerAnnouncement
      value: 
      objectReference: {fileID: 1766435188}
    - target: {fileID: 114463658763539640, guid: 34d6cfe556c40fa47bcdf1617b1f36aa,
        type: 2}
      propertyPath: m_Canvas
      value: 
      objectReference: {fileID: 1831372662}
    - target: {fileID: 114463658763539640, guid: 34d6cfe556c40fa47bcdf1617b1f36aa,
        type: 2}
      propertyPath: m_Draw
      value: 
      objectReference: {fileID: 666593485}
    - target: {fileID: 114463658763539640, guid: 34d6cfe556c40fa47bcdf1617b1f36aa,
        type: 2}
      propertyPath: m_newGameButton
      value: 
      objectReference: {fileID: 1766435187}
    - target: {fileID: 114463658763539640, guid: 34d6cfe556c40fa47bcdf1617b1f36aa,
        type: 2}
      propertyPath: m_backToMenuButton
      value: 
      objectReference: {fileID: 847054204}
    - target: {fileID: 114463658763539640, guid: 34d6cfe556c40fa47bcdf1617b1f36aa,
        type: 2}
      propertyPath: m_overallWinCanvas
      value: 
      objectReference: {fileID: 1741844018}
    - target: {fileID: 114463658763539640, guid: 34d6cfe556c40fa47bcdf1617b1f36aa,
        type: 2}
      propertyPath: m_blueWin
      value: 
      objectReference: {fileID: 336879047}
    - target: {fileID: 114463658763539640, guid: 34d6cfe556c40fa47bcdf1617b1f36aa,
        type: 2}
      propertyPath: m_redWin
      value: 
      objectReference: {fileID: 336879048}
    - target: {fileID: 114463658763539640, guid: 34d6cfe556c40fa47bcdf1617b1f36aa,
        type: 2}
      propertyPath: m_yellowWin
      value: 
      objectReference: {fileID: 336879046}
    - target: {fileID: 114463658763539640, guid: 34d6cfe556c40fa47bcdf1617b1f36aa,
        type: 2}
      propertyPath: m_greenWin
      value: 
      objectReference: {fileID: 336879045}
    - target: {fileID: 114463658763539640, guid: 34d6cfe556c40fa47bcdf1617b1f36aa,
        type: 2}
      propertyPath: m_gameTimer
      value: 
      objectReference: {fileID: 535033882}
    - target: {fileID: 114463658763539640, guid: 34d6cfe556c40fa47bcdf1617b1f36aa,
        type: 2}
      propertyPath: m_eventSystem
      value: 
      objectReference: {fileID: 1523632530}
    - target: {fileID: 114242123422490642, guid: 34d6cfe556c40fa47bcdf1617b1f36aa,
        type: 2}
      propertyPath: m_deathSound
      value: 
      objectReference: {fileID: 170841777}
    - target: {fileID: 114242123422490642, guid: 34d6cfe556c40fa47bcdf1617b1f36aa,
        type: 2}
      propertyPath: m_damageSound
      value: 
      objectReference: {fileID: 170841778}
    - target: {fileID: 114275447025285212, guid: 34d6cfe556c40fa47bcdf1617b1f36aa,
        type: 2}
      propertyPath: m_deathSound
      value: 
      objectReference: {fileID: 170841777}
    - target: {fileID: 114275447025285212, guid: 34d6cfe556c40fa47bcdf1617b1f36aa,
        type: 2}
      propertyPath: m_damageSound
      value: 
      objectReference: {fileID: 170841778}
    - target: {fileID: 114613890254885732, guid: 34d6cfe556c40fa47bcdf1617b1f36aa,
        type: 2}
      propertyPath: m_deathSound
      value: 
      objectReference: {fileID: 170841777}
    - target: {fileID: 114613890254885732, guid: 34d6cfe556c40fa47bcdf1617b1f36aa,
        type: 2}
      propertyPath: m_damageSound
      value: 
      objectReference: {fileID: 170841778}
    - target: {fileID: 114402601806542444, guid: 34d6cfe556c40fa47bcdf1617b1f36aa,
        type: 2}
      propertyPath: m_deathSound
      value: 
      objectReference: {fileID: 170841777}
    - target: {fileID: 114402601806542444, guid: 34d6cfe556c40fa47bcdf1617b1f36aa,
        type: 2}
      propertyPath: m_damageSound
      value: 
      objectReference: {fileID: 170841778}
    - target: {fileID: 114514772825211734, guid: 34d6cfe556c40fa47bcdf1617b1f36aa,
        type: 2}
      propertyPath: optionsPausemenuUI
      value: 
      objectReference: {fileID: 1965139674}
    - target: {fileID: 114514772825211734, guid: 34d6cfe556c40fa47bcdf1617b1f36aa,
        type: 2}
      propertyPath: pauseMenuUI
      value: 
      objectReference: {fileID: 495787204}
    - target: {fileID: 114311858114506374, guid: 34d6cfe556c40fa47bcdf1617b1f36aa,
        type: 2}
      propertyPath: optionsPausemenuUI
      value: 
      objectReference: {fileID: 1965139674}
    - target: {fileID: 114311858114506374, guid: 34d6cfe556c40fa47bcdf1617b1f36aa,
        type: 2}
      propertyPath: pauseMenuUI
      value: 
      objectReference: {fileID: 495787204}
    - target: {fileID: 114369417940235994, guid: 34d6cfe556c40fa47bcdf1617b1f36aa,
        type: 2}
      propertyPath: optionsPausemenuUI
      value: 
      objectReference: {fileID: 1965139674}
    - target: {fileID: 114369417940235994, guid: 34d6cfe556c40fa47bcdf1617b1f36aa,
        type: 2}
      propertyPath: pauseMenuUI
      value: 
      objectReference: {fileID: 495787204}
    - target: {fileID: 114122331668203456, guid: 34d6cfe556c40fa47bcdf1617b1f36aa,
        type: 2}
      propertyPath: optionsPausemenuUI
      value: 
      objectReference: {fileID: 1965139674}
    - target: {fileID: 114122331668203456, guid: 34d6cfe556c40fa47bcdf1617b1f36aa,
        type: 2}
      propertyPath: pauseMenuUI
      value: 
      objectReference: {fileID: 495787204}
    - target: {fileID: 212578762592872672, guid: 34d6cfe556c40fa47bcdf1617b1f36aa,
        type: 2}
      propertyPath: m_FlipX
      value: 0
      objectReference: {fileID: 0}
    m_RemovedComponents: []
  m_ParentPrefab: {fileID: 100100000, guid: 34d6cfe556c40fa47bcdf1617b1f36aa, type: 2}
  m_IsPrefabParent: 0
--- !u!114 &1523632530 stripped
MonoBehaviour:
  m_PrefabParentObject: {fileID: 114680884978268324, guid: 460b26ea6cd9ed84687f21030f8dbed8,
    type: 2}
  m_PrefabInternal: {fileID: 1462310274}
  m_Script: {fileID: -619905303, guid: f5f67c52d1564df4a8936ccd202a3bd8, type: 3}
--- !u!223 &1641479765 stripped
Canvas:
  m_PrefabParentObject: {fileID: 223275944572572382, guid: 4961f7ef587d1eb44b07788875f2f2b8,
    type: 2}
  m_PrefabInternal: {fileID: 784585121}
--- !u!1001 &1741844017
Prefab:
  m_ObjectHideFlags: 0
  serializedVersion: 2
  m_Modification:
    m_TransformParent: {fileID: 0}
    m_Modifications:
    - target: {fileID: 224590344020883850, guid: af22d86f493443042a0207318f63a9a3,
        type: 2}
      propertyPath: m_LocalPosition.x
      value: 0
      objectReference: {fileID: 0}
    - target: {fileID: 224590344020883850, guid: af22d86f493443042a0207318f63a9a3,
        type: 2}
      propertyPath: m_LocalPosition.y
      value: 0
      objectReference: {fileID: 0}
    - target: {fileID: 224590344020883850, guid: af22d86f493443042a0207318f63a9a3,
        type: 2}
      propertyPath: m_LocalPosition.z
      value: 0
      objectReference: {fileID: 0}
    - target: {fileID: 224590344020883850, guid: af22d86f493443042a0207318f63a9a3,
        type: 2}
      propertyPath: m_LocalRotation.x
      value: 0
      objectReference: {fileID: 0}
    - target: {fileID: 224590344020883850, guid: af22d86f493443042a0207318f63a9a3,
        type: 2}
      propertyPath: m_LocalRotation.y
      value: 0
      objectReference: {fileID: 0}
    - target: {fileID: 224590344020883850, guid: af22d86f493443042a0207318f63a9a3,
        type: 2}
      propertyPath: m_LocalRotation.z
      value: 0
      objectReference: {fileID: 0}
    - target: {fileID: 224590344020883850, guid: af22d86f493443042a0207318f63a9a3,
        type: 2}
      propertyPath: m_LocalRotation.w
      value: 1
      objectReference: {fileID: 0}
    - target: {fileID: 224590344020883850, guid: af22d86f493443042a0207318f63a9a3,
        type: 2}
      propertyPath: m_RootOrder
      value: 14
      objectReference: {fileID: 0}
    - target: {fileID: 224590344020883850, guid: af22d86f493443042a0207318f63a9a3,
        type: 2}
      propertyPath: m_AnchoredPosition.x
      value: 0
      objectReference: {fileID: 0}
    - target: {fileID: 224590344020883850, guid: af22d86f493443042a0207318f63a9a3,
        type: 2}
      propertyPath: m_AnchoredPosition.y
      value: 0
      objectReference: {fileID: 0}
    - target: {fileID: 224590344020883850, guid: af22d86f493443042a0207318f63a9a3,
        type: 2}
      propertyPath: m_SizeDelta.x
      value: 0
      objectReference: {fileID: 0}
    - target: {fileID: 224590344020883850, guid: af22d86f493443042a0207318f63a9a3,
        type: 2}
      propertyPath: m_SizeDelta.y
      value: 0
      objectReference: {fileID: 0}
    - target: {fileID: 224590344020883850, guid: af22d86f493443042a0207318f63a9a3,
        type: 2}
      propertyPath: m_AnchorMin.x
      value: 0
      objectReference: {fileID: 0}
    - target: {fileID: 224590344020883850, guid: af22d86f493443042a0207318f63a9a3,
        type: 2}
      propertyPath: m_AnchorMin.y
      value: 0
      objectReference: {fileID: 0}
    - target: {fileID: 224590344020883850, guid: af22d86f493443042a0207318f63a9a3,
        type: 2}
      propertyPath: m_AnchorMax.x
      value: 0
      objectReference: {fileID: 0}
    - target: {fileID: 224590344020883850, guid: af22d86f493443042a0207318f63a9a3,
        type: 2}
      propertyPath: m_AnchorMax.y
      value: 0
      objectReference: {fileID: 0}
    - target: {fileID: 224590344020883850, guid: af22d86f493443042a0207318f63a9a3,
        type: 2}
      propertyPath: m_Pivot.x
      value: 0
      objectReference: {fileID: 0}
    - target: {fileID: 224590344020883850, guid: af22d86f493443042a0207318f63a9a3,
        type: 2}
      propertyPath: m_Pivot.y
      value: 0
      objectReference: {fileID: 0}
    - target: {fileID: 223602010785433020, guid: af22d86f493443042a0207318f63a9a3,
        type: 2}
      propertyPath: m_Camera
      value: 
      objectReference: {fileID: 1221106804}
    m_RemovedComponents: []
  m_ParentPrefab: {fileID: 100100000, guid: af22d86f493443042a0207318f63a9a3, type: 2}
  m_IsPrefabParent: 0
--- !u!223 &1741844018 stripped
Canvas:
  m_PrefabParentObject: {fileID: 223602010785433020, guid: af22d86f493443042a0207318f63a9a3,
    type: 2}
  m_PrefabInternal: {fileID: 1741844017}
--- !u!1 &1755686625 stripped
GameObject:
  m_PrefabParentObject: {fileID: 1532754718372864, guid: 16153f444d6138f4a98e14bae7a2fa19,
    type: 2}
  m_PrefabInternal: {fileID: 918351501}
--- !u!114 &1766435186 stripped
MonoBehaviour:
  m_PrefabParentObject: {fileID: 114752093536291518, guid: ca6bc23cc54138e4689f25a6e36e7b5b,
    type: 2}
  m_PrefabInternal: {fileID: 1326127177}
  m_Script: {fileID: 708705254, guid: f70555f144d8491a825f0804e09c671c, type: 3}
--- !u!114 &1766435187 stripped
MonoBehaviour:
  m_PrefabParentObject: {fileID: 114236423643821984, guid: af22d86f493443042a0207318f63a9a3,
    type: 2}
  m_PrefabInternal: {fileID: 1741844017}
  m_Script: {fileID: 1392445389, guid: f70555f144d8491a825f0804e09c671c, type: 3}
--- !u!114 &1766435188 stripped
MonoBehaviour:
  m_PrefabParentObject: {fileID: 114647650224311944, guid: af22d86f493443042a0207318f63a9a3,
    type: 2}
  m_PrefabInternal: {fileID: 1741844017}
  m_Script: {fileID: 708705254, guid: f70555f144d8491a825f0804e09c671c, type: 3}
--- !u!1001 &1803011134
Prefab:
  m_ObjectHideFlags: 0
  serializedVersion: 2
  m_Modification:
    m_TransformParent: {fileID: 0}
    m_Modifications:
    - target: {fileID: 4105179775370960, guid: df46fa694d104d1469f4f6a5bb28fc97, type: 2}
      propertyPath: m_LocalPosition.x
      value: 72.18463
      objectReference: {fileID: 0}
    - target: {fileID: 4105179775370960, guid: df46fa694d104d1469f4f6a5bb28fc97, type: 2}
      propertyPath: m_LocalPosition.y
      value: 131.51921
      objectReference: {fileID: 0}
    - target: {fileID: 4105179775370960, guid: df46fa694d104d1469f4f6a5bb28fc97, type: 2}
      propertyPath: m_LocalPosition.z
      value: -22
      objectReference: {fileID: 0}
    - target: {fileID: 4105179775370960, guid: df46fa694d104d1469f4f6a5bb28fc97, type: 2}
      propertyPath: m_LocalRotation.x
      value: 0
      objectReference: {fileID: 0}
    - target: {fileID: 4105179775370960, guid: df46fa694d104d1469f4f6a5bb28fc97, type: 2}
      propertyPath: m_LocalRotation.y
      value: 0
      objectReference: {fileID: 0}
    - target: {fileID: 4105179775370960, guid: df46fa694d104d1469f4f6a5bb28fc97, type: 2}
      propertyPath: m_LocalRotation.z
      value: 0
      objectReference: {fileID: 0}
    - target: {fileID: 4105179775370960, guid: df46fa694d104d1469f4f6a5bb28fc97, type: 2}
      propertyPath: m_LocalRotation.w
      value: 1
      objectReference: {fileID: 0}
    - target: {fileID: 4105179775370960, guid: df46fa694d104d1469f4f6a5bb28fc97, type: 2}
      propertyPath: m_RootOrder
      value: 2
      objectReference: {fileID: 0}
    - target: {fileID: 114159505151106140, guid: df46fa694d104d1469f4f6a5bb28fc97,
        type: 2}
      propertyPath: m_lightSound
      value: 
      objectReference: {fileID: 170841780}
    - target: {fileID: 114835177556029048, guid: df46fa694d104d1469f4f6a5bb28fc97,
        type: 2}
      propertyPath: m_earthSound
      value: 
      objectReference: {fileID: 170841779}
    - target: {fileID: 114952921935809124, guid: df46fa694d104d1469f4f6a5bb28fc97,
        type: 2}
      propertyPath: m_fireStartSound
      value: 
      objectReference: {fileID: 460887326}
    - target: {fileID: 114952921935809124, guid: df46fa694d104d1469f4f6a5bb28fc97,
        type: 2}
      propertyPath: m_exploisionSound
      value: 
      objectReference: {fileID: 395408966}
    - target: {fileID: 114952921935809124, guid: df46fa694d104d1469f4f6a5bb28fc97,
        type: 2}
      propertyPath: m_exploisionSoundLevel4
      value: 
      objectReference: {fileID: 170841776}
    - target: {fileID: 114952921935809124, guid: df46fa694d104d1469f4f6a5bb28fc97,
        type: 2}
      propertyPath: m_pacmanSound
      value: 
      objectReference: {fileID: 143564632}
    - target: {fileID: 114011400485372930, guid: df46fa694d104d1469f4f6a5bb28fc97,
        type: 2}
      propertyPath: m_laserSound
      value: 
      objectReference: {fileID: 170841775}
    - target: {fileID: 114011400485372930, guid: df46fa694d104d1469f4f6a5bb28fc97,
        type: 2}
      propertyPath: m_rainbowSound
      value: 
      objectReference: {fileID: 170841774}
    m_RemovedComponents: []
  m_ParentPrefab: {fileID: 100100000, guid: df46fa694d104d1469f4f6a5bb28fc97, type: 2}
  m_IsPrefabParent: 0
--- !u!223 &1831372662 stripped
Canvas:
  m_PrefabParentObject: {fileID: 223911479154978606, guid: 0a4b138ec2515f54fb92e1485d8e454d,
    type: 2}
  m_PrefabInternal: {fileID: 985159857}
--- !u!1 &1942942644 stripped
GameObject:
  m_PrefabParentObject: {fileID: 1357042599397532, guid: b083eda3627a9bf42814fc053fcb9b17,
    type: 2}
  m_PrefabInternal: {fileID: 1035454225}
--- !u!1 &1965139674 stripped
GameObject:
  m_PrefabParentObject: {fileID: 1209142947488972, guid: b083eda3627a9bf42814fc053fcb9b17,
    type: 2}
  m_PrefabInternal: {fileID: 1035454225}
--- !u!1001 &2041127352
Prefab:
  m_ObjectHideFlags: 0
  serializedVersion: 2
  m_Modification:
    m_TransformParent: {fileID: 0}
    m_Modifications:
    - target: {fileID: 4848765417958698, guid: bc4c3e94c5fa4e7468705cd1cb03c27b, type: 2}
      propertyPath: m_LocalPosition.x
      value: 285.81503
      objectReference: {fileID: 0}
    - target: {fileID: 4848765417958698, guid: bc4c3e94c5fa4e7468705cd1cb03c27b, type: 2}
      propertyPath: m_LocalPosition.y
      value: 4.1161175
      objectReference: {fileID: 0}
    - target: {fileID: 4848765417958698, guid: bc4c3e94c5fa4e7468705cd1cb03c27b, type: 2}
      propertyPath: m_LocalPosition.z
      value: -266.36652
      objectReference: {fileID: 0}
    - target: {fileID: 4848765417958698, guid: bc4c3e94c5fa4e7468705cd1cb03c27b, type: 2}
      propertyPath: m_LocalRotation.x
      value: 0
      objectReference: {fileID: 0}
    - target: {fileID: 4848765417958698, guid: bc4c3e94c5fa4e7468705cd1cb03c27b, type: 2}
      propertyPath: m_LocalRotation.y
      value: 0
      objectReference: {fileID: 0}
    - target: {fileID: 4848765417958698, guid: bc4c3e94c5fa4e7468705cd1cb03c27b, type: 2}
      propertyPath: m_LocalRotation.z
      value: 0
      objectReference: {fileID: 0}
    - target: {fileID: 4848765417958698, guid: bc4c3e94c5fa4e7468705cd1cb03c27b, type: 2}
      propertyPath: m_LocalRotation.w
      value: 1
      objectReference: {fileID: 0}
    - target: {fileID: 4848765417958698, guid: bc4c3e94c5fa4e7468705cd1cb03c27b, type: 2}
      propertyPath: m_RootOrder
      value: 15
      objectReference: {fileID: 0}
    - target: {fileID: 199544558102936054, guid: bc4c3e94c5fa4e7468705cd1cb03c27b,
        type: 2}
      propertyPath: m_Materials.Array.data[1]
      value: 
      objectReference: {fileID: 2100000, guid: d9f6cfda68b74ab49a40db3e5d8ee7b1, type: 2}
    - target: {fileID: 199279724883083548, guid: bc4c3e94c5fa4e7468705cd1cb03c27b,
        type: 2}
      propertyPath: m_Materials.Array.data[1]
      value: 
      objectReference: {fileID: 2100000, guid: d9f6cfda68b74ab49a40db3e5d8ee7b1, type: 2}
    - target: {fileID: 199546475888070320, guid: bc4c3e94c5fa4e7468705cd1cb03c27b,
        type: 2}
      propertyPath: m_Materials.Array.data[1]
      value: 
      objectReference: {fileID: 2100000, guid: d9f6cfda68b74ab49a40db3e5d8ee7b1, type: 2}
    - target: {fileID: 199156175097906566, guid: bc4c3e94c5fa4e7468705cd1cb03c27b,
        type: 2}
      propertyPath: m_Materials.Array.data[1]
      value: 
      objectReference: {fileID: 2100000, guid: d9f6cfda68b74ab49a40db3e5d8ee7b1, type: 2}
    m_RemovedComponents: []
  m_ParentPrefab: {fileID: 100100000, guid: bc4c3e94c5fa4e7468705cd1cb03c27b, type: 2}
  m_IsPrefabParent: 0
