%YAML 1.1
%TAG !u! tag:unity3d.com,2011:
--- !u!1001 &100100000
Prefab:
  m_ObjectHideFlags: 1
  serializedVersion: 2
  m_Modification:
    m_TransformParent: {fileID: 0}
    m_Modifications: []
    m_RemovedComponents: []
  m_ParentPrefab: {fileID: 0}
  m_RootGameObject: {fileID: 1959139141115596}
  m_IsPrefabParent: 1
--- !u!1 &1959139141115596
GameObject:
  m_ObjectHideFlags: 0
  m_PrefabParentObject: {fileID: 0}
  m_PrefabInternal: {fileID: 100100000}
  serializedVersion: 5
  m_Component:
  - component: {fileID: 4882760398188760}
  - component: {fileID: 20618545177112534}
  - component: {fileID: 124661831196723584}
  - component: {fileID: 81592154082541302}
  - component: {fileID: 114266694230822890}
  - component: {fileID: 114286872193808114}
  - component: {fileID: 114953573941406648}
  - component: {fileID: 114679699291252448}
  m_Layer: 0
  m_Name: Main Camera with Shader 3
  m_TagString: MainCamera
  m_Icon: {fileID: 0}
  m_NavMeshLayer: 0
  m_StaticEditorFlags: 0
  m_IsActive: 1
--- !u!4 &4882760398188760
Transform:
  m_ObjectHideFlags: 1
  m_PrefabParentObject: {fileID: 0}
  m_PrefabInternal: {fileID: 100100000}
  m_GameObject: {fileID: 1959139141115596}
  m_LocalRotation: {x: -0, y: -0, z: -0, w: 1}
  m_LocalPosition: {x: 0, y: 0, z: -300}
  m_LocalScale: {x: 1, y: 1, z: 1}
  m_Children: []
  m_Father: {fileID: 0}
  m_RootOrder: 0
  m_LocalEulerAnglesHint: {x: 0, y: 0, z: 0}
--- !u!20 &20618545177112534
Camera:
  m_ObjectHideFlags: 1
  m_PrefabParentObject: {fileID: 0}
  m_PrefabInternal: {fileID: 100100000}
  m_GameObject: {fileID: 1959139141115596}
  m_Enabled: 1
  serializedVersion: 2
  m_ClearFlags: 2
  m_BackGroundColor: {r: 1, g: 1, b: 1, a: 0}
  m_NormalizedViewPortRect:
    serializedVersion: 2
    x: 0
    y: 0
    width: 1
    height: 1
  near clip plane: 0.3
  far clip plane: 1000
  field of view: 60
  orthographic: 1
  orthographic size: 613.8
  m_Depth: -1
  m_CullingMask:
    serializedVersion: 2
    m_Bits: 4294967295
  m_RenderingPath: -1
  m_TargetTexture: {fileID: 0}
  m_TargetDisplay: 0
  m_TargetEye: 3
  m_HDR: 1
  m_AllowMSAA: 1
  m_AllowDynamicResolution: 0
  m_ForceIntoRT: 0
  m_OcclusionCulling: 1
  m_StereoConvergence: 10
  m_StereoSeparation: 0.022
--- !u!81 &81592154082541302
AudioListener:
  m_ObjectHideFlags: 1
  m_PrefabParentObject: {fileID: 0}
  m_PrefabInternal: {fileID: 100100000}
  m_GameObject: {fileID: 1959139141115596}
  m_Enabled: 1
--- !u!114 &114266694230822890
MonoBehaviour:
  m_ObjectHideFlags: 1
  m_PrefabParentObject: {fileID: 0}
  m_PrefabInternal: {fileID: 100100000}
  m_GameObject: {fileID: 1959139141115596}
  m_Enabled: 0
  m_EditorHideFlags: 0
  m_Script: {fileID: 11500000, guid: e36aca4cc213bea4c80ac8080e1137b2, type: 3}
  m_Name: 
  m_EditorClassIdentifier: 
  shader: {fileID: 4800000, guid: 4cf792c55a1fde942b4cf7ef232133a4, type: 3}
  blackHole: {fileID: 0}
  ratio: 0
  radius: 10
--- !u!114 &114286872193808114
MonoBehaviour:
  m_ObjectHideFlags: 1
  m_PrefabParentObject: {fileID: 0}
  m_PrefabInternal: {fileID: 100100000}
  m_GameObject: {fileID: 1959139141115596}
  m_Enabled: 0
  m_EditorHideFlags: 0
  m_Script: {fileID: 11500000, guid: e36aca4cc213bea4c80ac8080e1137b2, type: 3}
  m_Name: 
  m_EditorClassIdentifier: 
  shader: {fileID: 4800000, guid: 4cf792c55a1fde942b4cf7ef232133a4, type: 3}
  blackHole: {fileID: 0}
  ratio: 0
  radius: 10
--- !u!114 &114679699291252448
MonoBehaviour:
  m_ObjectHideFlags: 1
  m_PrefabParentObject: {fileID: 0}
  m_PrefabInternal: {fileID: 100100000}
  m_GameObject: {fileID: 1959139141115596}
  m_Enabled: 1
  m_EditorHideFlags: 0
  m_Script: {fileID: 11500000, guid: 59aebf00a2c9d5f4b90145db731891db, type: 3}
  m_Name: 
  m_EditorClassIdentifier: 
  m_blackholList:
  - {fileID: 114266694230822890}
  - {fileID: 114286872193808114}
  - {fileID: 114953573941406648}
--- !u!114 &114953573941406648
MonoBehaviour:
  m_ObjectHideFlags: 1
  m_PrefabParentObject: {fileID: 0}
  m_PrefabInternal: {fileID: 100100000}
  m_GameObject: {fileID: 1959139141115596}
  m_Enabled: 0
  m_EditorHideFlags: 0
  m_Script: {fileID: 11500000, guid: e36aca4cc213bea4c80ac8080e1137b2, type: 3}
  m_Name: 
  m_EditorClassIdentifier: 
  shader: {fileID: 4800000, guid: 4cf792c55a1fde942b4cf7ef232133a4, type: 3}
  blackHole: {fileID: 0}
  ratio: 0
  radius: 10
--- !u!124 &124661831196723584
Behaviour:
  m_ObjectHideFlags: 1
  m_PrefabParentObject: {fileID: 0}
  m_PrefabInternal: {fileID: 100100000}
  m_GameObject: {fileID: 1959139141115596}
  m_Enabled: 1
