%YAML 1.1
%TAG !u! tag:unity3d.com,2011:
--- !u!29 &1
OcclusionCullingSettings:
  m_ObjectHideFlags: 0
  serializedVersion: 2
  m_OcclusionBakeSettings:
    smallestOccluder: 5
    smallestHole: 0.25
    backfaceThreshold: 100
  m_SceneGUID: 00000000000000000000000000000000
  m_OcclusionCullingData: {fileID: 0}
--- !u!104 &2
RenderSettings:
  m_ObjectHideFlags: 0
  serializedVersion: 8
  m_Fog: 0
  m_FogColor: {r: 0.5, g: 0.5, b: 0.5, a: 1}
  m_FogMode: 3
  m_FogDensity: 0.01
  m_LinearFogStart: 0
  m_LinearFogEnd: 300
  m_AmbientSkyColor: {r: 0.212, g: 0.227, b: 0.259, a: 1}
  m_AmbientEquatorColor: {r: 0.114, g: 0.125, b: 0.133, a: 1}
  m_AmbientGroundColor: {r: 0.047, g: 0.043, b: 0.035, a: 1}
  m_AmbientIntensity: 1
  m_AmbientMode: 3
  m_SubtractiveShadowColor: {r: 0.42, g: 0.478, b: 0.627, a: 1}
  m_SkyboxMaterial: {fileID: 0}
  m_HaloStrength: 0.5
  m_FlareStrength: 1
  m_FlareFadeSpeed: 3
  m_HaloTexture: {fileID: 0}
  m_SpotCookie: {fileID: 10001, guid: 0000000000000000e000000000000000, type: 0}
  m_DefaultReflectionMode: 0
  m_DefaultReflectionResolution: 128
  m_ReflectionBounces: 1
  m_ReflectionIntensity: 1
  m_CustomReflection: {fileID: 0}
  m_Sun: {fileID: 0}
  m_IndirectSpecularColor: {r: 0, g: 0, b: 0, a: 1}
--- !u!157 &3
LightmapSettings:
  m_ObjectHideFlags: 0
  serializedVersion: 11
  m_GIWorkflowMode: 1
  m_GISettings:
    serializedVersion: 2
    m_BounceScale: 1
    m_IndirectOutputScale: 1
    m_AlbedoBoost: 1
    m_TemporalCoherenceThreshold: 1
    m_EnvironmentLightingMode: 0
    m_EnableBakedLightmaps: 0
    m_EnableRealtimeLightmaps: 0
  m_LightmapEditorSettings:
    serializedVersion: 9
    m_Resolution: 2
    m_BakeResolution: 40
    m_TextureWidth: 1024
    m_TextureHeight: 1024
    m_AO: 0
    m_AOMaxDistance: 1
    m_CompAOExponent: 1
    m_CompAOExponentDirect: 0
    m_Padding: 2
    m_LightmapParameters: {fileID: 0}
    m_LightmapsBakeMode: 1
    m_TextureCompression: 1
    m_FinalGather: 0
    m_FinalGatherFiltering: 1
    m_FinalGatherRayCount: 256
    m_ReflectionCompression: 2
    m_MixedBakeMode: 2
    m_BakeBackend: 0
    m_PVRSampling: 1
    m_PVRDirectSampleCount: 32
    m_PVRSampleCount: 500
    m_PVRBounces: 2
    m_PVRFilterTypeDirect: 0
    m_PVRFilterTypeIndirect: 0
    m_PVRFilterTypeAO: 0
    m_PVRFilteringMode: 1
    m_PVRCulling: 1
    m_PVRFilteringGaussRadiusDirect: 1
    m_PVRFilteringGaussRadiusIndirect: 5
    m_PVRFilteringGaussRadiusAO: 2
    m_PVRFilteringAtrousPositionSigmaDirect: 0.5
    m_PVRFilteringAtrousPositionSigmaIndirect: 2
    m_PVRFilteringAtrousPositionSigmaAO: 1
    m_ShowResolutionOverlay: 1
  m_LightingDataAsset: {fileID: 0}
  m_UseShadowmask: 1
--- !u!196 &4
NavMeshSettings:
  serializedVersion: 2
  m_ObjectHideFlags: 0
  m_BuildSettings:
    serializedVersion: 2
    agentTypeID: 0
    agentRadius: 0.5
    agentHeight: 2
    agentSlope: 45
    agentClimb: 0.4
    ledgeDropHeight: 0
    maxJumpAcrossDistance: 0
    minRegionArea: 2
    manualCellSize: 0
    cellSize: 0.16666667
    manualTileSize: 0
    tileSize: 256
    accuratePlacement: 0
    debug:
      m_Flags: 0
  m_NavMeshData: {fileID: 0}
--- !u!1 &11018103 stripped
GameObject:
  m_PrefabParentObject: {fileID: 1372842188920766, guid: 16153f444d6138f4a98e14bae7a2fa19,
    type: 2}
  m_PrefabInternal: {fileID: 918351501}
--- !u!82 &143564632 stripped
AudioSource:
  m_PrefabParentObject: {fileID: 82952992511711102, guid: d49168beae51e304aaf83595f9740101,
    type: 2}
  m_PrefabInternal: {fileID: 170841773}
--- !u!1001 &170841773
Prefab:
  m_ObjectHideFlags: 0
  serializedVersion: 2
  m_Modification:
    m_TransformParent: {fileID: 0}
    m_Modifications:
    - target: {fileID: 4871672660600818, guid: d49168beae51e304aaf83595f9740101, type: 2}
      propertyPath: m_LocalPosition.x
      value: 135.29909
      objectReference: {fileID: 0}
    - target: {fileID: 4871672660600818, guid: d49168beae51e304aaf83595f9740101, type: 2}
      propertyPath: m_LocalPosition.y
      value: 153.77448
      objectReference: {fileID: 0}
    - target: {fileID: 4871672660600818, guid: d49168beae51e304aaf83595f9740101, type: 2}
      propertyPath: m_LocalPosition.z
      value: 109.25
      objectReference: {fileID: 0}
    - target: {fileID: 4871672660600818, guid: d49168beae51e304aaf83595f9740101, type: 2}
      propertyPath: m_LocalRotation.x
      value: 0
      objectReference: {fileID: 0}
    - target: {fileID: 4871672660600818, guid: d49168beae51e304aaf83595f9740101, type: 2}
      propertyPath: m_LocalRotation.y
      value: 0
      objectReference: {fileID: 0}
    - target: {fileID: 4871672660600818, guid: d49168beae51e304aaf83595f9740101, type: 2}
      propertyPath: m_LocalRotation.z
      value: 0
      objectReference: {fileID: 0}
    - target: {fileID: 4871672660600818, guid: d49168beae51e304aaf83595f9740101, type: 2}
      propertyPath: m_LocalRotation.w
      value: 1
      objectReference: {fileID: 0}
    - target: {fileID: 4871672660600818, guid: d49168beae51e304aaf83595f9740101, type: 2}
      propertyPath: m_RootOrder
      value: 18
      objectReference: {fileID: 0}
    m_RemovedComponents: []
  m_ParentPrefab: {fileID: 100100000, guid: d49168beae51e304aaf83595f9740101, type: 2}
  m_IsPrefabParent: 0
--- !u!82 &170841774 stripped
AudioSource:
  m_PrefabParentObject: {fileID: 82347467802749342, guid: d49168beae51e304aaf83595f9740101,
    type: 2}
  m_PrefabInternal: {fileID: 170841773}
--- !u!82 &170841775 stripped
AudioSource:
  m_PrefabParentObject: {fileID: 82237385203038276, guid: d49168beae51e304aaf83595f9740101,
    type: 2}
  m_PrefabInternal: {fileID: 170841773}
--- !u!82 &170841776 stripped
AudioSource:
  m_PrefabParentObject: {fileID: 82703054232159740, guid: d49168beae51e304aaf83595f9740101,
    type: 2}
  m_PrefabInternal: {fileID: 170841773}
--- !u!82 &170841777 stripped
AudioSource:
  m_PrefabParentObject: {fileID: 82784280028470744, guid: d49168beae51e304aaf83595f9740101,
    type: 2}
  m_PrefabInternal: {fileID: 170841773}
--- !u!82 &170841778 stripped
AudioSource:
  m_PrefabParentObject: {fileID: 82238910209771040, guid: d49168beae51e304aaf83595f9740101,
    type: 2}
  m_PrefabInternal: {fileID: 170841773}
--- !u!82 &170841779 stripped
AudioSource:
  m_PrefabParentObject: {fileID: 82076700276070588, guid: d49168beae51e304aaf83595f9740101,
    type: 2}
  m_PrefabInternal: {fileID: 170841773}
--- !u!82 &170841780 stripped
AudioSource:
  m_PrefabParentObject: {fileID: 82592914258226408, guid: d49168beae51e304aaf83595f9740101,
    type: 2}
  m_PrefabInternal: {fileID: 170841773}
--- !u!1001 &276942789
Prefab:
  m_ObjectHideFlags: 0
  serializedVersion: 2
  m_Modification:
    m_TransformParent: {fileID: 0}
    m_Modifications:
    - target: {fileID: 224590344020883850, guid: af22d86f493443042a0207318f63a9a3,
        type: 2}
      propertyPath: m_LocalPosition.x
      value: 0
      objectReference: {fileID: 0}
    - target: {fileID: 224590344020883850, guid: af22d86f493443042a0207318f63a9a3,
        type: 2}
      propertyPath: m_LocalPosition.y
      value: 0
      objectReference: {fileID: 0}
    - target: {fileID: 224590344020883850, guid: af22d86f493443042a0207318f63a9a3,
        type: 2}
      propertyPath: m_LocalPosition.z
      value: 0
      objectReference: {fileID: 0}
    - target: {fileID: 224590344020883850, guid: af22d86f493443042a0207318f63a9a3,
        type: 2}
      propertyPath: m_LocalRotation.x
      value: 0
      objectReference: {fileID: 0}
    - target: {fileID: 224590344020883850, guid: af22d86f493443042a0207318f63a9a3,
        type: 2}
      propertyPath: m_LocalRotation.y
      value: 0
      objectReference: {fileID: 0}
    - target: {fileID: 224590344020883850, guid: af22d86f493443042a0207318f63a9a3,
        type: 2}
      propertyPath: m_LocalRotation.z
      value: 0
      objectReference: {fileID: 0}
    - target: {fileID: 224590344020883850, guid: af22d86f493443042a0207318f63a9a3,
        type: 2}
      propertyPath: m_LocalRotation.w
      value: 1
      objectReference: {fileID: 0}
    - target: {fileID: 224590344020883850, guid: af22d86f493443042a0207318f63a9a3,
        type: 2}
      propertyPath: m_RootOrder
      value: 16
      objectReference: {fileID: 0}
    - target: {fileID: 224590344020883850, guid: af22d86f493443042a0207318f63a9a3,
        type: 2}
      propertyPath: m_AnchoredPosition.x
      value: 0
      objectReference: {fileID: 0}
    - target: {fileID: 224590344020883850, guid: af22d86f493443042a0207318f63a9a3,
        type: 2}
      propertyPath: m_AnchoredPosition.y
      value: 0
      objectReference: {fileID: 0}
    - target: {fileID: 224590344020883850, guid: af22d86f493443042a0207318f63a9a3,
        type: 2}
      propertyPath: m_SizeDelta.x
      value: 0
      objectReference: {fileID: 0}
    - target: {fileID: 224590344020883850, guid: af22d86f493443042a0207318f63a9a3,
        type: 2}
      propertyPath: m_SizeDelta.y
      value: 0
      objectReference: {fileID: 0}
    - target: {fileID: 224590344020883850, guid: af22d86f493443042a0207318f63a9a3,
        type: 2}
      propertyPath: m_AnchorMin.x
      value: 0
      objectReference: {fileID: 0}
    - target: {fileID: 224590344020883850, guid: af22d86f493443042a0207318f63a9a3,
        type: 2}
      propertyPath: m_AnchorMin.y
      value: 0
      objectReference: {fileID: 0}
    - target: {fileID: 224590344020883850, guid: af22d86f493443042a0207318f63a9a3,
        type: 2}
      propertyPath: m_AnchorMax.x
      value: 0
      objectReference: {fileID: 0}
    - target: {fileID: 224590344020883850, guid: af22d86f493443042a0207318f63a9a3,
        type: 2}
      propertyPath: m_AnchorMax.y
      value: 0
      objectReference: {fileID: 0}
    - target: {fileID: 224590344020883850, guid: af22d86f493443042a0207318f63a9a3,
        type: 2}
      propertyPath: m_Pivot.x
      value: 0
      objectReference: {fileID: 0}
    - target: {fileID: 224590344020883850, guid: af22d86f493443042a0207318f63a9a3,
        type: 2}
      propertyPath: m_Pivot.y
      value: 0
      objectReference: {fileID: 0}
    - target: {fileID: 223602010785433020, guid: af22d86f493443042a0207318f63a9a3,
        type: 2}
      propertyPath: m_Camera
      value: 
      objectReference: {fileID: 1789491618}
    m_RemovedComponents: []
  m_ParentPrefab: {fileID: 100100000, guid: af22d86f493443042a0207318f63a9a3, type: 2}
  m_IsPrefabParent: 0
--- !u!223 &276942790 stripped
Canvas:
  m_PrefabParentObject: {fileID: 223602010785433020, guid: af22d86f493443042a0207318f63a9a3,
    type: 2}
  m_PrefabInternal: {fileID: 276942789}
--- !u!114 &276942791 stripped
MonoBehaviour:
  m_PrefabParentObject: {fileID: 114647650224311944, guid: af22d86f493443042a0207318f63a9a3,
    type: 2}
  m_PrefabInternal: {fileID: 276942789}
  m_Script: {fileID: 708705254, guid: f70555f144d8491a825f0804e09c671c, type: 3}
--- !u!114 &276942792 stripped
MonoBehaviour:
  m_PrefabParentObject: {fileID: 114201845590022392, guid: af22d86f493443042a0207318f63a9a3,
    type: 2}
  m_PrefabInternal: {fileID: 276942789}
  m_Script: {fileID: 1392445389, guid: f70555f144d8491a825f0804e09c671c, type: 3}
--- !u!114 &276942793 stripped
MonoBehaviour:
  m_PrefabParentObject: {fileID: 114236423643821984, guid: af22d86f493443042a0207318f63a9a3,
    type: 2}
  m_PrefabInternal: {fileID: 276942789}
  m_Script: {fileID: 1392445389, guid: f70555f144d8491a825f0804e09c671c, type: 3}
--- !u!1001 &292963042
Prefab:
  m_ObjectHideFlags: 0
  serializedVersion: 2
  m_Modification:
    m_TransformParent: {fileID: 0}
    m_Modifications:
    - target: {fileID: 224421161186523320, guid: 35c971fb8f55f4a44af85e1d3e5967da,
        type: 2}
      propertyPath: m_LocalPosition.x
      value: 0
      objectReference: {fileID: 0}
    - target: {fileID: 224421161186523320, guid: 35c971fb8f55f4a44af85e1d3e5967da,
        type: 2}
      propertyPath: m_LocalPosition.y
      value: 0
      objectReference: {fileID: 0}
    - target: {fileID: 224421161186523320, guid: 35c971fb8f55f4a44af85e1d3e5967da,
        type: 2}
      propertyPath: m_LocalPosition.z
      value: 0
      objectReference: {fileID: 0}
    - target: {fileID: 224421161186523320, guid: 35c971fb8f55f4a44af85e1d3e5967da,
        type: 2}
      propertyPath: m_LocalRotation.x
      value: 0
      objectReference: {fileID: 0}
    - target: {fileID: 224421161186523320, guid: 35c971fb8f55f4a44af85e1d3e5967da,
        type: 2}
      propertyPath: m_LocalRotation.y
      value: 0
      objectReference: {fileID: 0}
    - target: {fileID: 224421161186523320, guid: 35c971fb8f55f4a44af85e1d3e5967da,
        type: 2}
      propertyPath: m_LocalRotation.z
      value: 0
      objectReference: {fileID: 0}
    - target: {fileID: 224421161186523320, guid: 35c971fb8f55f4a44af85e1d3e5967da,
        type: 2}
      propertyPath: m_LocalRotation.w
      value: 1
      objectReference: {fileID: 0}
    - target: {fileID: 224421161186523320, guid: 35c971fb8f55f4a44af85e1d3e5967da,
        type: 2}
      propertyPath: m_RootOrder
      value: 19
      objectReference: {fileID: 0}
    - target: {fileID: 224421161186523320, guid: 35c971fb8f55f4a44af85e1d3e5967da,
        type: 2}
      propertyPath: m_AnchoredPosition.x
      value: 0
      objectReference: {fileID: 0}
    - target: {fileID: 224421161186523320, guid: 35c971fb8f55f4a44af85e1d3e5967da,
        type: 2}
      propertyPath: m_AnchoredPosition.y
      value: 0
      objectReference: {fileID: 0}
    - target: {fileID: 224421161186523320, guid: 35c971fb8f55f4a44af85e1d3e5967da,
        type: 2}
      propertyPath: m_SizeDelta.x
      value: 0
      objectReference: {fileID: 0}
    - target: {fileID: 224421161186523320, guid: 35c971fb8f55f4a44af85e1d3e5967da,
        type: 2}
      propertyPath: m_SizeDelta.y
      value: 0
      objectReference: {fileID: 0}
    - target: {fileID: 224421161186523320, guid: 35c971fb8f55f4a44af85e1d3e5967da,
        type: 2}
      propertyPath: m_AnchorMin.x
      value: 0
      objectReference: {fileID: 0}
    - target: {fileID: 224421161186523320, guid: 35c971fb8f55f4a44af85e1d3e5967da,
        type: 2}
      propertyPath: m_AnchorMin.y
      value: 0
      objectReference: {fileID: 0}
    - target: {fileID: 224421161186523320, guid: 35c971fb8f55f4a44af85e1d3e5967da,
        type: 2}
      propertyPath: m_AnchorMax.x
      value: 0
      objectReference: {fileID: 0}
    - target: {fileID: 224421161186523320, guid: 35c971fb8f55f4a44af85e1d3e5967da,
        type: 2}
      propertyPath: m_AnchorMax.y
      value: 0
      objectReference: {fileID: 0}
    - target: {fileID: 224421161186523320, guid: 35c971fb8f55f4a44af85e1d3e5967da,
        type: 2}
      propertyPath: m_Pivot.x
      value: 0
      objectReference: {fileID: 0}
    - target: {fileID: 224421161186523320, guid: 35c971fb8f55f4a44af85e1d3e5967da,
        type: 2}
      propertyPath: m_Pivot.y
      value: 0
      objectReference: {fileID: 0}
    - target: {fileID: 223386681757873998, guid: 35c971fb8f55f4a44af85e1d3e5967da,
        type: 2}
      propertyPath: m_Camera
      value: 
      objectReference: {fileID: 1789491618}
    m_RemovedComponents: []
  m_ParentPrefab: {fileID: 100100000, guid: 35c971fb8f55f4a44af85e1d3e5967da, type: 2}
  m_IsPrefabParent: 0
--- !u!223 &292963043 stripped
Canvas:
  m_PrefabParentObject: {fileID: 223386681757873998, guid: 35c971fb8f55f4a44af85e1d3e5967da,
    type: 2}
  m_PrefabInternal: {fileID: 292963042}
--- !u!82 &395408966 stripped
AudioSource:
  m_PrefabParentObject: {fileID: 82400119083963404, guid: d49168beae51e304aaf83595f9740101,
    type: 2}
  m_PrefabInternal: {fileID: 170841773}
--- !u!82 &460887326 stripped
AudioSource:
  m_PrefabParentObject: {fileID: 82733803439010452, guid: d49168beae51e304aaf83595f9740101,
    type: 2}
  m_PrefabInternal: {fileID: 170841773}
--- !u!1 &495787204 stripped
GameObject:
  m_PrefabParentObject: {fileID: 1090939049187664, guid: 16153f444d6138f4a98e14bae7a2fa19,
    type: 2}
  m_PrefabInternal: {fileID: 918351501}
--- !u!1001 &535033881
Prefab:
  m_ObjectHideFlags: 0
  serializedVersion: 2
  m_Modification:
    m_TransformParent: {fileID: 0}
    m_Modifications:
    - target: {fileID: 4958955097961960, guid: f702e0584cce03b47a5cb2bef1cd4289, type: 2}
      propertyPath: m_LocalPosition.x
      value: -0.04205227
      objectReference: {fileID: 0}
    - target: {fileID: 4958955097961960, guid: f702e0584cce03b47a5cb2bef1cd4289, type: 2}
      propertyPath: m_LocalPosition.y
      value: 7.9879055
      objectReference: {fileID: 0}
    - target: {fileID: 4958955097961960, guid: f702e0584cce03b47a5cb2bef1cd4289, type: 2}
      propertyPath: m_LocalPosition.z
      value: 0
      objectReference: {fileID: 0}
    - target: {fileID: 4958955097961960, guid: f702e0584cce03b47a5cb2bef1cd4289, type: 2}
      propertyPath: m_LocalRotation.x
      value: 0
      objectReference: {fileID: 0}
    - target: {fileID: 4958955097961960, guid: f702e0584cce03b47a5cb2bef1cd4289, type: 2}
      propertyPath: m_LocalRotation.y
      value: 0
      objectReference: {fileID: 0}
    - target: {fileID: 4958955097961960, guid: f702e0584cce03b47a5cb2bef1cd4289, type: 2}
      propertyPath: m_LocalRotation.z
      value: 0
      objectReference: {fileID: 0}
    - target: {fileID: 4958955097961960, guid: f702e0584cce03b47a5cb2bef1cd4289, type: 2}
      propertyPath: m_LocalRotation.w
      value: 1
      objectReference: {fileID: 0}
    - target: {fileID: 4958955097961960, guid: f702e0584cce03b47a5cb2bef1cd4289, type: 2}
      propertyPath: m_RootOrder
      value: 0
      objectReference: {fileID: 0}
    - target: {fileID: 114898759753839726, guid: f702e0584cce03b47a5cb2bef1cd4289,
        type: 2}
      propertyPath: m_timeText
      value: 
      objectReference: {fileID: 2003575821}
    - target: {fileID: 114898759753839726, guid: f702e0584cce03b47a5cb2bef1cd4289,
        type: 2}
      propertyPath: m_countdownText
      value: 
      objectReference: {fileID: 2003575820}
    m_RemovedComponents: []
  m_ParentPrefab: {fileID: 100100000, guid: f702e0584cce03b47a5cb2bef1cd4289, type: 2}
  m_IsPrefabParent: 0
--- !u!1 &535033882 stripped
GameObject:
  m_PrefabParentObject: {fileID: 1467765012796576, guid: f702e0584cce03b47a5cb2bef1cd4289,
    type: 2}
  m_PrefabInternal: {fileID: 535033881}
--- !u!1001 &768703724
Prefab:
  m_ObjectHideFlags: 0
  serializedVersion: 2
  m_Modification:
    m_TransformParent: {fileID: 0}
    m_Modifications:
    - target: {fileID: 4156950326470918, guid: eda80a9708d74b742ae0b0fa592c4939, type: 2}
      propertyPath: m_LocalPosition.x
      value: 0
      objectReference: {fileID: 0}
    - target: {fileID: 4156950326470918, guid: eda80a9708d74b742ae0b0fa592c4939, type: 2}
      propertyPath: m_LocalPosition.y
      value: 0
      objectReference: {fileID: 0}
    - target: {fileID: 4156950326470918, guid: eda80a9708d74b742ae0b0fa592c4939, type: 2}
      propertyPath: m_LocalPosition.z
      value: 5.47
      objectReference: {fileID: 0}
    - target: {fileID: 4156950326470918, guid: eda80a9708d74b742ae0b0fa592c4939, type: 2}
      propertyPath: m_LocalRotation.x
      value: 0
      objectReference: {fileID: 0}
    - target: {fileID: 4156950326470918, guid: eda80a9708d74b742ae0b0fa592c4939, type: 2}
      propertyPath: m_LocalRotation.y
      value: 0
      objectReference: {fileID: 0}
    - target: {fileID: 4156950326470918, guid: eda80a9708d74b742ae0b0fa592c4939, type: 2}
      propertyPath: m_LocalRotation.z
      value: 0
      objectReference: {fileID: 0}
    - target: {fileID: 4156950326470918, guid: eda80a9708d74b742ae0b0fa592c4939, type: 2}
      propertyPath: m_LocalRotation.w
      value: 1
      objectReference: {fileID: 0}
    - target: {fileID: 4156950326470918, guid: eda80a9708d74b742ae0b0fa592c4939, type: 2}
      propertyPath: m_RootOrder
      value: 5
      objectReference: {fileID: 0}
    - target: {fileID: 4156950326470918, guid: eda80a9708d74b742ae0b0fa592c4939, type: 2}
      propertyPath: m_LocalScale.x
      value: 179.87697
      objectReference: {fileID: 0}
    - target: {fileID: 4156950326470918, guid: eda80a9708d74b742ae0b0fa592c4939, type: 2}
      propertyPath: m_LocalScale.y
      value: 179.87714
      objectReference: {fileID: 0}
    - target: {fileID: 4156950326470918, guid: eda80a9708d74b742ae0b0fa592c4939, type: 2}
      propertyPath: m_LocalScale.z
      value: 179.87714
      objectReference: {fileID: 0}
    m_RemovedComponents: []
  m_ParentPrefab: {fileID: 100100000, guid: eda80a9708d74b742ae0b0fa592c4939, type: 2}
  m_IsPrefabParent: 0
--- !u!1001 &784585121
Prefab:
  m_ObjectHideFlags: 0
  serializedVersion: 2
  m_Modification:
    m_TransformParent: {fileID: 0}
    m_Modifications:
    - target: {fileID: 224537863463328008, guid: 4961f7ef587d1eb44b07788875f2f2b8,
        type: 2}
      propertyPath: m_LocalPosition.x
      value: 0
      objectReference: {fileID: 0}
    - target: {fileID: 224537863463328008, guid: 4961f7ef587d1eb44b07788875f2f2b8,
        type: 2}
      propertyPath: m_LocalPosition.y
      value: 0
      objectReference: {fileID: 0}
    - target: {fileID: 224537863463328008, guid: 4961f7ef587d1eb44b07788875f2f2b8,
        type: 2}
      propertyPath: m_LocalPosition.z
      value: 0
      objectReference: {fileID: 0}
    - target: {fileID: 224537863463328008, guid: 4961f7ef587d1eb44b07788875f2f2b8,
        type: 2}
      propertyPath: m_LocalRotation.x
      value: 0
      objectReference: {fileID: 0}
    - target: {fileID: 224537863463328008, guid: 4961f7ef587d1eb44b07788875f2f2b8,
        type: 2}
      propertyPath: m_LocalRotation.y
      value: 0
      objectReference: {fileID: 0}
    - target: {fileID: 224537863463328008, guid: 4961f7ef587d1eb44b07788875f2f2b8,
        type: 2}
      propertyPath: m_LocalRotation.z
      value: 0
      objectReference: {fileID: 0}
    - target: {fileID: 224537863463328008, guid: 4961f7ef587d1eb44b07788875f2f2b8,
        type: 2}
      propertyPath: m_LocalRotation.w
      value: 1
      objectReference: {fileID: 0}
    - target: {fileID: 224537863463328008, guid: 4961f7ef587d1eb44b07788875f2f2b8,
        type: 2}
      propertyPath: m_RootOrder
      value: 15
      objectReference: {fileID: 0}
    - target: {fileID: 224537863463328008, guid: 4961f7ef587d1eb44b07788875f2f2b8,
        type: 2}
      propertyPath: m_AnchoredPosition.x
      value: 0
      objectReference: {fileID: 0}
    - target: {fileID: 224537863463328008, guid: 4961f7ef587d1eb44b07788875f2f2b8,
        type: 2}
      propertyPath: m_AnchoredPosition.y
      value: 0
      objectReference: {fileID: 0}
    - target: {fileID: 224537863463328008, guid: 4961f7ef587d1eb44b07788875f2f2b8,
        type: 2}
      propertyPath: m_SizeDelta.x
      value: 0
      objectReference: {fileID: 0}
    - target: {fileID: 224537863463328008, guid: 4961f7ef587d1eb44b07788875f2f2b8,
        type: 2}
      propertyPath: m_SizeDelta.y
      value: 0
      objectReference: {fileID: 0}
    - target: {fileID: 224537863463328008, guid: 4961f7ef587d1eb44b07788875f2f2b8,
        type: 2}
      propertyPath: m_AnchorMin.x
      value: 0
      objectReference: {fileID: 0}
    - target: {fileID: 224537863463328008, guid: 4961f7ef587d1eb44b07788875f2f2b8,
        type: 2}
      propertyPath: m_AnchorMin.y
      value: 0
      objectReference: {fileID: 0}
    - target: {fileID: 224537863463328008, guid: 4961f7ef587d1eb44b07788875f2f2b8,
        type: 2}
      propertyPath: m_AnchorMax.x
      value: 0
      objectReference: {fileID: 0}
    - target: {fileID: 224537863463328008, guid: 4961f7ef587d1eb44b07788875f2f2b8,
        type: 2}
      propertyPath: m_AnchorMax.y
      value: 0
      objectReference: {fileID: 0}
    - target: {fileID: 224537863463328008, guid: 4961f7ef587d1eb44b07788875f2f2b8,
        type: 2}
      propertyPath: m_Pivot.x
      value: 0
      objectReference: {fileID: 0}
    - target: {fileID: 224537863463328008, guid: 4961f7ef587d1eb44b07788875f2f2b8,
        type: 2}
      propertyPath: m_Pivot.y
      value: 0
      objectReference: {fileID: 0}
    - target: {fileID: 114579736146148056, guid: 4961f7ef587d1eb44b07788875f2f2b8,
        type: 2}
      propertyPath: m_levelUpCanvas
      value: 
      objectReference: {fileID: 972247557}
    - target: {fileID: 223275944572572382, guid: 4961f7ef587d1eb44b07788875f2f2b8,
        type: 2}
      propertyPath: m_Camera
      value: 
      objectReference: {fileID: 1789491618}
    m_RemovedComponents: []
  m_ParentPrefab: {fileID: 100100000, guid: 4961f7ef587d1eb44b07788875f2f2b8, type: 2}
  m_IsPrefabParent: 0
--- !u!1001 &803601629
Prefab:
  m_ObjectHideFlags: 0
  serializedVersion: 2
  m_Modification:
    m_TransformParent: {fileID: 0}
    m_Modifications:
    - target: {fileID: 4551975899008908, guid: 86330abc4891a5d4ba20290ab2318510, type: 2}
      propertyPath: m_LocalPosition.x
      value: -131.61465
      objectReference: {fileID: 0}
    - target: {fileID: 4551975899008908, guid: 86330abc4891a5d4ba20290ab2318510, type: 2}
      propertyPath: m_LocalPosition.y
      value: 127.237625
      objectReference: {fileID: 0}
    - target: {fileID: 4551975899008908, guid: 86330abc4891a5d4ba20290ab2318510, type: 2}
      propertyPath: m_LocalPosition.z
      value: -6.5
      objectReference: {fileID: 0}
    - target: {fileID: 4551975899008908, guid: 86330abc4891a5d4ba20290ab2318510, type: 2}
      propertyPath: m_LocalRotation.x
      value: 0
      objectReference: {fileID: 0}
    - target: {fileID: 4551975899008908, guid: 86330abc4891a5d4ba20290ab2318510, type: 2}
      propertyPath: m_LocalRotation.y
      value: 0
      objectReference: {fileID: 0}
    - target: {fileID: 4551975899008908, guid: 86330abc4891a5d4ba20290ab2318510, type: 2}
      propertyPath: m_LocalRotation.z
      value: 0
      objectReference: {fileID: 0}
    - target: {fileID: 4551975899008908, guid: 86330abc4891a5d4ba20290ab2318510, type: 2}
      propertyPath: m_LocalRotation.w
      value: 1
      objectReference: {fileID: 0}
    - target: {fileID: 4551975899008908, guid: 86330abc4891a5d4ba20290ab2318510, type: 2}
      propertyPath: m_RootOrder
      value: 17
      objectReference: {fileID: 0}
    - target: {fileID: 223800098111644696, guid: 86330abc4891a5d4ba20290ab2318510,
        type: 2}
      propertyPath: m_Camera
      value: 
      objectReference: {fileID: 1789491618}
    - target: {fileID: 223353058806632564, guid: 86330abc4891a5d4ba20290ab2318510,
        type: 2}
      propertyPath: m_Camera
      value: 
      objectReference: {fileID: 1789491618}
    - target: {fileID: 223388167715784152, guid: 86330abc4891a5d4ba20290ab2318510,
        type: 2}
      propertyPath: m_Camera
      value: 
      objectReference: {fileID: 1789491618}
    - target: {fileID: 223785817482876832, guid: 86330abc4891a5d4ba20290ab2318510,
        type: 2}
      propertyPath: m_Camera
      value: 
      objectReference: {fileID: 1789491618}
    m_RemovedComponents: []
  m_ParentPrefab: {fileID: 100100000, guid: 86330abc4891a5d4ba20290ab2318510, type: 2}
  m_IsPrefabParent: 0
--- !u!223 &803601630 stripped
Canvas:
  m_PrefabParentObject: {fileID: 223353058806632564, guid: 86330abc4891a5d4ba20290ab2318510,
    type: 2}
  m_PrefabInternal: {fileID: 803601629}
--- !u!223 &803601631 stripped
Canvas:
  m_PrefabParentObject: {fileID: 223388167715784152, guid: 86330abc4891a5d4ba20290ab2318510,
    type: 2}
  m_PrefabInternal: {fileID: 803601629}
--- !u!223 &803601632 stripped
Canvas:
  m_PrefabParentObject: {fileID: 223800098111644696, guid: 86330abc4891a5d4ba20290ab2318510,
    type: 2}
  m_PrefabInternal: {fileID: 803601629}
--- !u!223 &803601633 stripped
Canvas:
  m_PrefabParentObject: {fileID: 223785817482876832, guid: 86330abc4891a5d4ba20290ab2318510,
    type: 2}
  m_PrefabInternal: {fileID: 803601629}
--- !u!1001 &881151974
Prefab:
  m_ObjectHideFlags: 0
  serializedVersion: 2
  m_Modification:
    m_TransformParent: {fileID: 0}
    m_Modifications:
    - target: {fileID: 4704722554703586, guid: 79c9e67cd8629384c93021f9c6570c72, type: 2}
      propertyPath: m_LocalPosition.x
      value: 0
      objectReference: {fileID: 0}
    - target: {fileID: 4704722554703586, guid: 79c9e67cd8629384c93021f9c6570c72, type: 2}
      propertyPath: m_LocalPosition.y
      value: 0
      objectReference: {fileID: 0}
    - target: {fileID: 4704722554703586, guid: 79c9e67cd8629384c93021f9c6570c72, type: 2}
      propertyPath: m_LocalPosition.z
      value: 0
      objectReference: {fileID: 0}
    - target: {fileID: 4704722554703586, guid: 79c9e67cd8629384c93021f9c6570c72, type: 2}
      propertyPath: m_LocalRotation.x
      value: 0
      objectReference: {fileID: 0}
    - target: {fileID: 4704722554703586, guid: 79c9e67cd8629384c93021f9c6570c72, type: 2}
      propertyPath: m_LocalRotation.y
      value: 0
      objectReference: {fileID: 0}
    - target: {fileID: 4704722554703586, guid: 79c9e67cd8629384c93021f9c6570c72, type: 2}
      propertyPath: m_LocalRotation.z
      value: 0
      objectReference: {fileID: 0}
    - target: {fileID: 4704722554703586, guid: 79c9e67cd8629384c93021f9c6570c72, type: 2}
      propertyPath: m_LocalRotation.w
      value: 1
      objectReference: {fileID: 0}
    - target: {fileID: 4704722554703586, guid: 79c9e67cd8629384c93021f9c6570c72, type: 2}
      propertyPath: m_RootOrder
      value: 9
      objectReference: {fileID: 0}
    - target: {fileID: 33186409418241116, guid: 79c9e67cd8629384c93021f9c6570c72,
        type: 2}
      propertyPath: m_Mesh
      value: 
      objectReference: {fileID: 0}
    m_RemovedComponents: []
  m_ParentPrefab: {fileID: 100100000, guid: 79c9e67cd8629384c93021f9c6570c72, type: 2}
  m_IsPrefabParent: 0
--- !u!1001 &918351501
Prefab:
  m_ObjectHideFlags: 0
  serializedVersion: 2
  m_Modification:
    m_TransformParent: {fileID: 0}
    m_Modifications:
    - target: {fileID: 224664668830443520, guid: 16153f444d6138f4a98e14bae7a2fa19,
        type: 2}
      propertyPath: m_LocalPosition.x
      value: 0
      objectReference: {fileID: 0}
    - target: {fileID: 224664668830443520, guid: 16153f444d6138f4a98e14bae7a2fa19,
        type: 2}
      propertyPath: m_LocalPosition.y
      value: 0
      objectReference: {fileID: 0}
    - target: {fileID: 224664668830443520, guid: 16153f444d6138f4a98e14bae7a2fa19,
        type: 2}
      propertyPath: m_LocalPosition.z
      value: 0
      objectReference: {fileID: 0}
    - target: {fileID: 224664668830443520, guid: 16153f444d6138f4a98e14bae7a2fa19,
        type: 2}
      propertyPath: m_LocalRotation.x
      value: 0
      objectReference: {fileID: 0}
    - target: {fileID: 224664668830443520, guid: 16153f444d6138f4a98e14bae7a2fa19,
        type: 2}
      propertyPath: m_LocalRotation.y
      value: 0
      objectReference: {fileID: 0}
    - target: {fileID: 224664668830443520, guid: 16153f444d6138f4a98e14bae7a2fa19,
        type: 2}
      propertyPath: m_LocalRotation.z
      value: 0
      objectReference: {fileID: 0}
    - target: {fileID: 224664668830443520, guid: 16153f444d6138f4a98e14bae7a2fa19,
        type: 2}
      propertyPath: m_LocalRotation.w
      value: 1
      objectReference: {fileID: 0}
    - target: {fileID: 224664668830443520, guid: 16153f444d6138f4a98e14bae7a2fa19,
        type: 2}
      propertyPath: m_RootOrder
      value: 11
      objectReference: {fileID: 0}
    - target: {fileID: 224664668830443520, guid: 16153f444d6138f4a98e14bae7a2fa19,
        type: 2}
      propertyPath: m_AnchoredPosition.x
      value: 0
      objectReference: {fileID: 0}
    - target: {fileID: 224664668830443520, guid: 16153f444d6138f4a98e14bae7a2fa19,
        type: 2}
      propertyPath: m_AnchoredPosition.y
      value: 0
      objectReference: {fileID: 0}
    - target: {fileID: 224664668830443520, guid: 16153f444d6138f4a98e14bae7a2fa19,
        type: 2}
      propertyPath: m_SizeDelta.x
      value: 0
      objectReference: {fileID: 0}
    - target: {fileID: 224664668830443520, guid: 16153f444d6138f4a98e14bae7a2fa19,
        type: 2}
      propertyPath: m_SizeDelta.y
      value: 0
      objectReference: {fileID: 0}
    - target: {fileID: 224664668830443520, guid: 16153f444d6138f4a98e14bae7a2fa19,
        type: 2}
      propertyPath: m_AnchorMin.x
      value: 0
      objectReference: {fileID: 0}
    - target: {fileID: 224664668830443520, guid: 16153f444d6138f4a98e14bae7a2fa19,
        type: 2}
      propertyPath: m_AnchorMin.y
      value: 0
      objectReference: {fileID: 0}
    - target: {fileID: 224664668830443520, guid: 16153f444d6138f4a98e14bae7a2fa19,
        type: 2}
      propertyPath: m_AnchorMax.x
      value: 0
      objectReference: {fileID: 0}
    - target: {fileID: 224664668830443520, guid: 16153f444d6138f4a98e14bae7a2fa19,
        type: 2}
      propertyPath: m_AnchorMax.y
      value: 0
      objectReference: {fileID: 0}
    - target: {fileID: 224664668830443520, guid: 16153f444d6138f4a98e14bae7a2fa19,
        type: 2}
      propertyPath: m_Pivot.x
      value: 0
      objectReference: {fileID: 0}
    - target: {fileID: 224664668830443520, guid: 16153f444d6138f4a98e14bae7a2fa19,
        type: 2}
      propertyPath: m_Pivot.y
      value: 0
      objectReference: {fileID: 0}
    - target: {fileID: 114998668201513212, guid: 16153f444d6138f4a98e14bae7a2fa19,
        type: 2}
      propertyPath: m_OnClick.m_PersistentCalls.m_Calls.Array.data[0].m_Target
      value: 
      objectReference: {fileID: 1188083675}
    - target: {fileID: 114998668201513212, guid: 16153f444d6138f4a98e14bae7a2fa19,
        type: 2}
      propertyPath: m_OnClick.m_PersistentCalls.m_Calls.Array.data[0].m_MethodName
      value: Resume
      objectReference: {fileID: 0}
    - target: {fileID: 1372842188920766, guid: 16153f444d6138f4a98e14bae7a2fa19, type: 2}
      propertyPath: m_IsActive
      value: 1
      objectReference: {fileID: 0}
    - target: {fileID: 114697686904532842, guid: 16153f444d6138f4a98e14bae7a2fa19,
        type: 2}
      propertyPath: m_OnClick.m_PersistentCalls.m_Calls.Array.data[0].m_Target
      value: 
      objectReference: {fileID: 1965139674}
    - target: {fileID: 114697686904532842, guid: 16153f444d6138f4a98e14bae7a2fa19,
        type: 2}
      propertyPath: m_OnClick.m_PersistentCalls.m_Calls.Array.data[0].m_MethodName
      value: SetActive
      objectReference: {fileID: 0}
    - target: {fileID: 114697686904532842, guid: 16153f444d6138f4a98e14bae7a2fa19,
        type: 2}
      propertyPath: m_OnClick.m_PersistentCalls.m_Calls.Array.data[2].m_Target
      value: 
      objectReference: {fileID: 1523632530}
    - target: {fileID: 114697686904532842, guid: 16153f444d6138f4a98e14bae7a2fa19,
        type: 2}
      propertyPath: m_OnClick.m_PersistentCalls.m_Calls.Array.data[2].m_MethodName
      value: SetSelectedGameObject
      objectReference: {fileID: 0}
    - target: {fileID: 114697686904532842, guid: 16153f444d6138f4a98e14bae7a2fa19,
        type: 2}
      propertyPath: m_OnClick.m_PersistentCalls.m_Calls.Array.data[2].m_Arguments.m_ObjectArgument
      value: 
      objectReference: {fileID: 1942942644}
    - target: {fileID: 114745798382679972, guid: 16153f444d6138f4a98e14bae7a2fa19,
        type: 2}
      propertyPath: m_eventSystem
      value: 
      objectReference: {fileID: 1523632530}
    m_RemovedComponents: []
  m_ParentPrefab: {fileID: 100100000, guid: 16153f444d6138f4a98e14bae7a2fa19, type: 2}
  m_IsPrefabParent: 0
--- !u!1001 &972247555
Prefab:
  m_ObjectHideFlags: 0
  serializedVersion: 2
  m_Modification:
    m_TransformParent: {fileID: 0}
    m_Modifications:
    - target: {fileID: 224927041471796930, guid: a8a3081f7c8b0104b84801aee0e7854a,
        type: 2}
      propertyPath: m_LocalPosition.x
      value: 0
      objectReference: {fileID: 0}
    - target: {fileID: 224927041471796930, guid: a8a3081f7c8b0104b84801aee0e7854a,
        type: 2}
      propertyPath: m_LocalPosition.y
      value: 0
      objectReference: {fileID: 0}
    - target: {fileID: 224927041471796930, guid: a8a3081f7c8b0104b84801aee0e7854a,
        type: 2}
      propertyPath: m_LocalPosition.z
      value: 0
      objectReference: {fileID: 0}
    - target: {fileID: 224927041471796930, guid: a8a3081f7c8b0104b84801aee0e7854a,
        type: 2}
      propertyPath: m_LocalRotation.x
      value: 0
      objectReference: {fileID: 0}
    - target: {fileID: 224927041471796930, guid: a8a3081f7c8b0104b84801aee0e7854a,
        type: 2}
      propertyPath: m_LocalRotation.y
      value: 0
      objectReference: {fileID: 0}
    - target: {fileID: 224927041471796930, guid: a8a3081f7c8b0104b84801aee0e7854a,
        type: 2}
      propertyPath: m_LocalRotation.z
      value: 0
      objectReference: {fileID: 0}
    - target: {fileID: 224927041471796930, guid: a8a3081f7c8b0104b84801aee0e7854a,
        type: 2}
      propertyPath: m_LocalRotation.w
      value: 1
      objectReference: {fileID: 0}
    - target: {fileID: 224927041471796930, guid: a8a3081f7c8b0104b84801aee0e7854a,
        type: 2}
      propertyPath: m_RootOrder
      value: 14
      objectReference: {fileID: 0}
    - target: {fileID: 224927041471796930, guid: a8a3081f7c8b0104b84801aee0e7854a,
        type: 2}
      propertyPath: m_AnchoredPosition.x
      value: 0
      objectReference: {fileID: 0}
    - target: {fileID: 224927041471796930, guid: a8a3081f7c8b0104b84801aee0e7854a,
        type: 2}
      propertyPath: m_AnchoredPosition.y
      value: 0
      objectReference: {fileID: 0}
    - target: {fileID: 224927041471796930, guid: a8a3081f7c8b0104b84801aee0e7854a,
        type: 2}
      propertyPath: m_SizeDelta.x
      value: 0
      objectReference: {fileID: 0}
    - target: {fileID: 224927041471796930, guid: a8a3081f7c8b0104b84801aee0e7854a,
        type: 2}
      propertyPath: m_SizeDelta.y
      value: 0
      objectReference: {fileID: 0}
    - target: {fileID: 224927041471796930, guid: a8a3081f7c8b0104b84801aee0e7854a,
        type: 2}
      propertyPath: m_AnchorMin.x
      value: 0
      objectReference: {fileID: 0}
    - target: {fileID: 224927041471796930, guid: a8a3081f7c8b0104b84801aee0e7854a,
        type: 2}
      propertyPath: m_AnchorMin.y
      value: 0
      objectReference: {fileID: 0}
    - target: {fileID: 224927041471796930, guid: a8a3081f7c8b0104b84801aee0e7854a,
        type: 2}
      propertyPath: m_AnchorMax.x
      value: 0
      objectReference: {fileID: 0}
    - target: {fileID: 224927041471796930, guid: a8a3081f7c8b0104b84801aee0e7854a,
        type: 2}
      propertyPath: m_AnchorMax.y
      value: 0
      objectReference: {fileID: 0}
    - target: {fileID: 224927041471796930, guid: a8a3081f7c8b0104b84801aee0e7854a,
        type: 2}
      propertyPath: m_Pivot.x
      value: 0
      objectReference: {fileID: 0}
    - target: {fileID: 224927041471796930, guid: a8a3081f7c8b0104b84801aee0e7854a,
        type: 2}
      propertyPath: m_Pivot.y
      value: 0
      objectReference: {fileID: 0}
    - target: {fileID: 114062030743947554, guid: a8a3081f7c8b0104b84801aee0e7854a,
        type: 2}
      propertyPath: m_eventSystem
      value: 
      objectReference: {fileID: 1523632530}
    - target: {fileID: 114062030743947554, guid: a8a3081f7c8b0104b84801aee0e7854a,
        type: 2}
      propertyPath: m_nextLevelCanvas
      value: 
      objectReference: {fileID: 1641479765}
    - target: {fileID: 223195784073254878, guid: a8a3081f7c8b0104b84801aee0e7854a,
        type: 2}
      propertyPath: m_Camera
      value: 
      objectReference: {fileID: 1789491618}
    m_RemovedComponents: []
  m_ParentPrefab: {fileID: 100100000, guid: a8a3081f7c8b0104b84801aee0e7854a, type: 2}
  m_IsPrefabParent: 0
--- !u!223 &972247556 stripped
Canvas:
  m_PrefabParentObject: {fileID: 223195784073254878, guid: a8a3081f7c8b0104b84801aee0e7854a,
    type: 2}
  m_PrefabInternal: {fileID: 972247555}
--- !u!1 &972247557 stripped
GameObject:
  m_PrefabParentObject: {fileID: 1183004804080620, guid: a8a3081f7c8b0104b84801aee0e7854a,
    type: 2}
  m_PrefabInternal: {fileID: 972247555}
--- !u!1001 &1035454225
Prefab:
  m_ObjectHideFlags: 0
  serializedVersion: 2
  m_Modification:
    m_TransformParent: {fileID: 0}
    m_Modifications:
    - target: {fileID: 224990858422960520, guid: b083eda3627a9bf42814fc053fcb9b17,
        type: 2}
      propertyPath: m_LocalPosition.x
      value: 0
      objectReference: {fileID: 0}
    - target: {fileID: 224990858422960520, guid: b083eda3627a9bf42814fc053fcb9b17,
        type: 2}
      propertyPath: m_LocalPosition.y
      value: 0
      objectReference: {fileID: 0}
    - target: {fileID: 224990858422960520, guid: b083eda3627a9bf42814fc053fcb9b17,
        type: 2}
      propertyPath: m_LocalPosition.z
      value: 0
      objectReference: {fileID: 0}
    - target: {fileID: 224990858422960520, guid: b083eda3627a9bf42814fc053fcb9b17,
        type: 2}
      propertyPath: m_LocalRotation.x
      value: 0
      objectReference: {fileID: 0}
    - target: {fileID: 224990858422960520, guid: b083eda3627a9bf42814fc053fcb9b17,
        type: 2}
      propertyPath: m_LocalRotation.y
      value: 0
      objectReference: {fileID: 0}
    - target: {fileID: 224990858422960520, guid: b083eda3627a9bf42814fc053fcb9b17,
        type: 2}
      propertyPath: m_LocalRotation.z
      value: 0
      objectReference: {fileID: 0}
    - target: {fileID: 224990858422960520, guid: b083eda3627a9bf42814fc053fcb9b17,
        type: 2}
      propertyPath: m_LocalRotation.w
      value: 1
      objectReference: {fileID: 0}
    - target: {fileID: 224990858422960520, guid: b083eda3627a9bf42814fc053fcb9b17,
        type: 2}
      propertyPath: m_RootOrder
      value: 10
      objectReference: {fileID: 0}
    - target: {fileID: 224990858422960520, guid: b083eda3627a9bf42814fc053fcb9b17,
        type: 2}
      propertyPath: m_AnchoredPosition.x
      value: 0
      objectReference: {fileID: 0}
    - target: {fileID: 224990858422960520, guid: b083eda3627a9bf42814fc053fcb9b17,
        type: 2}
      propertyPath: m_AnchoredPosition.y
      value: 0
      objectReference: {fileID: 0}
    - target: {fileID: 224990858422960520, guid: b083eda3627a9bf42814fc053fcb9b17,
        type: 2}
      propertyPath: m_SizeDelta.x
      value: 0
      objectReference: {fileID: 0}
    - target: {fileID: 224990858422960520, guid: b083eda3627a9bf42814fc053fcb9b17,
        type: 2}
      propertyPath: m_SizeDelta.y
      value: 0
      objectReference: {fileID: 0}
    - target: {fileID: 224990858422960520, guid: b083eda3627a9bf42814fc053fcb9b17,
        type: 2}
      propertyPath: m_AnchorMin.x
      value: 0
      objectReference: {fileID: 0}
    - target: {fileID: 224990858422960520, guid: b083eda3627a9bf42814fc053fcb9b17,
        type: 2}
      propertyPath: m_AnchorMin.y
      value: 0
      objectReference: {fileID: 0}
    - target: {fileID: 224990858422960520, guid: b083eda3627a9bf42814fc053fcb9b17,
        type: 2}
      propertyPath: m_AnchorMax.x
      value: 0
      objectReference: {fileID: 0}
    - target: {fileID: 224990858422960520, guid: b083eda3627a9bf42814fc053fcb9b17,
        type: 2}
      propertyPath: m_AnchorMax.y
      value: 0
      objectReference: {fileID: 0}
    - target: {fileID: 224990858422960520, guid: b083eda3627a9bf42814fc053fcb9b17,
        type: 2}
      propertyPath: m_Pivot.x
      value: 0
      objectReference: {fileID: 0}
    - target: {fileID: 224990858422960520, guid: b083eda3627a9bf42814fc053fcb9b17,
        type: 2}
      propertyPath: m_Pivot.y
      value: 0
      objectReference: {fileID: 0}
    - target: {fileID: 1561862733228298, guid: b083eda3627a9bf42814fc053fcb9b17, type: 2}
      propertyPath: m_IsActive
      value: 1
      objectReference: {fileID: 0}
    - target: {fileID: 114474349251987572, guid: b083eda3627a9bf42814fc053fcb9b17,
        type: 2}
      propertyPath: m_OnClick.m_PersistentCalls.m_Calls.Array.data[1].m_Target
      value: 
      objectReference: {fileID: 11018103}
    - target: {fileID: 114474349251987572, guid: b083eda3627a9bf42814fc053fcb9b17,
        type: 2}
      propertyPath: m_OnClick.m_PersistentCalls.m_Calls.Array.data[1].m_MethodName
      value: SetActive
      objectReference: {fileID: 0}
    - target: {fileID: 114474349251987572, guid: b083eda3627a9bf42814fc053fcb9b17,
        type: 2}
      propertyPath: m_OnClick.m_PersistentCalls.m_Calls.Array.data[2].m_Target
      value: 
      objectReference: {fileID: 1523632530}
    - target: {fileID: 114474349251987572, guid: b083eda3627a9bf42814fc053fcb9b17,
        type: 2}
      propertyPath: m_OnClick.m_PersistentCalls.m_Calls.Array.data[2].m_MethodName
      value: SetSelectedGameObject
      objectReference: {fileID: 0}
    - target: {fileID: 114474349251987572, guid: b083eda3627a9bf42814fc053fcb9b17,
        type: 2}
      propertyPath: m_OnClick.m_PersistentCalls.m_Calls.Array.data[2].m_Arguments.m_ObjectArgument
      value: 
      objectReference: {fileID: 1755686625}
    m_RemovedComponents: []
  m_ParentPrefab: {fileID: 100100000, guid: b083eda3627a9bf42814fc053fcb9b17, type: 2}
  m_IsPrefabParent: 0
--- !u!1001 &1062271689
Prefab:
  m_ObjectHideFlags: 0
  serializedVersion: 2
  m_Modification:
    m_TransformParent: {fileID: 0}
    m_Modifications:
    - target: {fileID: 224213124446514192, guid: 53974a42716f72740b5fe982d94c6437,
        type: 2}
      propertyPath: m_LocalPosition.x
      value: 0
      objectReference: {fileID: 0}
    - target: {fileID: 224213124446514192, guid: 53974a42716f72740b5fe982d94c6437,
        type: 2}
      propertyPath: m_LocalPosition.y
      value: 0
      objectReference: {fileID: 0}
    - target: {fileID: 224213124446514192, guid: 53974a42716f72740b5fe982d94c6437,
        type: 2}
      propertyPath: m_LocalPosition.z
      value: 0
      objectReference: {fileID: 0}
    - target: {fileID: 224213124446514192, guid: 53974a42716f72740b5fe982d94c6437,
        type: 2}
      propertyPath: m_LocalRotation.x
      value: 0
      objectReference: {fileID: 0}
    - target: {fileID: 224213124446514192, guid: 53974a42716f72740b5fe982d94c6437,
        type: 2}
      propertyPath: m_LocalRotation.y
      value: 0
      objectReference: {fileID: 0}
    - target: {fileID: 224213124446514192, guid: 53974a42716f72740b5fe982d94c6437,
        type: 2}
      propertyPath: m_LocalRotation.z
      value: 0
      objectReference: {fileID: 0}
    - target: {fileID: 224213124446514192, guid: 53974a42716f72740b5fe982d94c6437,
        type: 2}
      propertyPath: m_LocalRotation.w
      value: 1
      objectReference: {fileID: 0}
    - target: {fileID: 224213124446514192, guid: 53974a42716f72740b5fe982d94c6437,
        type: 2}
      propertyPath: m_RootOrder
      value: 12
      objectReference: {fileID: 0}
    - target: {fileID: 224213124446514192, guid: 53974a42716f72740b5fe982d94c6437,
        type: 2}
      propertyPath: m_AnchoredPosition.x
      value: 0
      objectReference: {fileID: 0}
    - target: {fileID: 224213124446514192, guid: 53974a42716f72740b5fe982d94c6437,
        type: 2}
      propertyPath: m_AnchoredPosition.y
      value: 0
      objectReference: {fileID: 0}
    - target: {fileID: 224213124446514192, guid: 53974a42716f72740b5fe982d94c6437,
        type: 2}
      propertyPath: m_SizeDelta.x
      value: 0
      objectReference: {fileID: 0}
    - target: {fileID: 224213124446514192, guid: 53974a42716f72740b5fe982d94c6437,
        type: 2}
      propertyPath: m_SizeDelta.y
      value: 0
      objectReference: {fileID: 0}
    - target: {fileID: 224213124446514192, guid: 53974a42716f72740b5fe982d94c6437,
        type: 2}
      propertyPath: m_AnchorMin.x
      value: 0
      objectReference: {fileID: 0}
    - target: {fileID: 224213124446514192, guid: 53974a42716f72740b5fe982d94c6437,
        type: 2}
      propertyPath: m_AnchorMin.y
      value: 0
      objectReference: {fileID: 0}
    - target: {fileID: 224213124446514192, guid: 53974a42716f72740b5fe982d94c6437,
        type: 2}
      propertyPath: m_AnchorMax.x
      value: 0
      objectReference: {fileID: 0}
    - target: {fileID: 224213124446514192, guid: 53974a42716f72740b5fe982d94c6437,
        type: 2}
      propertyPath: m_AnchorMax.y
      value: 0
      objectReference: {fileID: 0}
    - target: {fileID: 224213124446514192, guid: 53974a42716f72740b5fe982d94c6437,
        type: 2}
      propertyPath: m_Pivot.x
      value: 0
      objectReference: {fileID: 0}
    - target: {fileID: 224213124446514192, guid: 53974a42716f72740b5fe982d94c6437,
        type: 2}
      propertyPath: m_Pivot.y
      value: 0
      objectReference: {fileID: 0}
    m_RemovedComponents: []
  m_ParentPrefab: {fileID: 100100000, guid: 53974a42716f72740b5fe982d94c6437, type: 2}
  m_IsPrefabParent: 0
--- !u!1001 &1077604871
Prefab:
  m_ObjectHideFlags: 0
  serializedVersion: 2
  m_Modification:
    m_TransformParent: {fileID: 0}
    m_Modifications:
    - target: {fileID: 4319449316618820, guid: d33a56e1ea422ad44b78be78ed8d4046, type: 2}
      propertyPath: m_LocalPosition.x
      value: 0
      objectReference: {fileID: 0}
    - target: {fileID: 4319449316618820, guid: d33a56e1ea422ad44b78be78ed8d4046, type: 2}
      propertyPath: m_LocalPosition.y
      value: 0
      objectReference: {fileID: 0}
    - target: {fileID: 4319449316618820, guid: d33a56e1ea422ad44b78be78ed8d4046, type: 2}
      propertyPath: m_LocalPosition.z
      value: 0
      objectReference: {fileID: 0}
    - target: {fileID: 4319449316618820, guid: d33a56e1ea422ad44b78be78ed8d4046, type: 2}
      propertyPath: m_LocalRotation.x
      value: -0
      objectReference: {fileID: 0}
    - target: {fileID: 4319449316618820, guid: d33a56e1ea422ad44b78be78ed8d4046, type: 2}
      propertyPath: m_LocalRotation.y
      value: -0
      objectReference: {fileID: 0}
    - target: {fileID: 4319449316618820, guid: d33a56e1ea422ad44b78be78ed8d4046, type: 2}
      propertyPath: m_LocalRotation.z
      value: -0
      objectReference: {fileID: 0}
    - target: {fileID: 4319449316618820, guid: d33a56e1ea422ad44b78be78ed8d4046, type: 2}
      propertyPath: m_LocalRotation.w
      value: 1
      objectReference: {fileID: 0}
    - target: {fileID: 4319449316618820, guid: d33a56e1ea422ad44b78be78ed8d4046, type: 2}
      propertyPath: m_RootOrder
      value: 4
      objectReference: {fileID: 0}
    - target: {fileID: 4319449316618820, guid: d33a56e1ea422ad44b78be78ed8d4046, type: 2}
      propertyPath: m_LocalScale.x
      value: 140.45816
      objectReference: {fileID: 0}
    - target: {fileID: 4319449316618820, guid: d33a56e1ea422ad44b78be78ed8d4046, type: 2}
      propertyPath: m_LocalScale.y
      value: 140.45824
      objectReference: {fileID: 0}
    - target: {fileID: 4319449316618820, guid: d33a56e1ea422ad44b78be78ed8d4046, type: 2}
      propertyPath: m_LocalScale.z
      value: 140.45824
      objectReference: {fileID: 0}
    m_RemovedComponents: []
  m_ParentPrefab: {fileID: 100100000, guid: d33a56e1ea422ad44b78be78ed8d4046, type: 2}
  m_IsPrefabParent: 0
--- !u!114 &1188083675 stripped
MonoBehaviour:
  m_PrefabParentObject: {fileID: 114122331668203456, guid: 34d6cfe556c40fa47bcdf1617b1f36aa,
    type: 2}
  m_PrefabInternal: {fileID: 1464495124}
  m_Script: {fileID: 11500000, guid: d4f23465c4713bf49a2e61e94e81f446, type: 3}
--- !u!1001 &1462310274
Prefab:
  m_ObjectHideFlags: 0
  serializedVersion: 2
  m_Modification:
    m_TransformParent: {fileID: 0}
    m_Modifications:
    - target: {fileID: 114678425478757032, guid: 460b26ea6cd9ed84687f21030f8dbed8,
        type: 2}
      propertyPath: rewiredPlayerIds.Array.size
      value: 4
      objectReference: {fileID: 0}
    - target: {fileID: 4417909596341472, guid: 460b26ea6cd9ed84687f21030f8dbed8, type: 2}
      propertyPath: m_LocalPosition.x
      value: 0
      objectReference: {fileID: 0}
    - target: {fileID: 4417909596341472, guid: 460b26ea6cd9ed84687f21030f8dbed8, type: 2}
      propertyPath: m_LocalPosition.y
      value: 0
      objectReference: {fileID: 0}
    - target: {fileID: 4417909596341472, guid: 460b26ea6cd9ed84687f21030f8dbed8, type: 2}
      propertyPath: m_LocalPosition.z
      value: 0
      objectReference: {fileID: 0}
    - target: {fileID: 4417909596341472, guid: 460b26ea6cd9ed84687f21030f8dbed8, type: 2}
      propertyPath: m_LocalRotation.x
      value: 0
      objectReference: {fileID: 0}
    - target: {fileID: 4417909596341472, guid: 460b26ea6cd9ed84687f21030f8dbed8, type: 2}
      propertyPath: m_LocalRotation.y
      value: 0
      objectReference: {fileID: 0}
    - target: {fileID: 4417909596341472, guid: 460b26ea6cd9ed84687f21030f8dbed8, type: 2}
      propertyPath: m_LocalRotation.z
      value: 0
      objectReference: {fileID: 0}
    - target: {fileID: 4417909596341472, guid: 460b26ea6cd9ed84687f21030f8dbed8, type: 2}
      propertyPath: m_LocalRotation.w
      value: 1
      objectReference: {fileID: 0}
    - target: {fileID: 4417909596341472, guid: 460b26ea6cd9ed84687f21030f8dbed8, type: 2}
      propertyPath: m_RootOrder
      value: 13
      objectReference: {fileID: 0}
    - target: {fileID: 114680884978268324, guid: 460b26ea6cd9ed84687f21030f8dbed8,
        type: 2}
      propertyPath: m_FirstSelected
      value: 
      objectReference: {fileID: 0}
    - target: {fileID: 114678425478757032, guid: 460b26ea6cd9ed84687f21030f8dbed8,
        type: 2}
      propertyPath: usePlayingPlayersOnly
      value: 1
      objectReference: {fileID: 0}
    - target: {fileID: 114678425478757032, guid: 460b26ea6cd9ed84687f21030f8dbed8,
        type: 2}
      propertyPath: useRewiredSystemPlayer
      value: 0
      objectReference: {fileID: 0}
    - target: {fileID: 114678425478757032, guid: 460b26ea6cd9ed84687f21030f8dbed8,
        type: 2}
      propertyPath: useAllRewiredGamePlayers
      value: 0
      objectReference: {fileID: 0}
    - target: {fileID: 114678425478757032, guid: 460b26ea6cd9ed84687f21030f8dbed8,
        type: 2}
      propertyPath: rewiredPlayerIds.Array.data[1]
      value: 1
      objectReference: {fileID: 0}
    - target: {fileID: 114678425478757032, guid: 460b26ea6cd9ed84687f21030f8dbed8,
        type: 2}
      propertyPath: rewiredPlayerIds.Array.data[2]
      value: 2
      objectReference: {fileID: 0}
    - target: {fileID: 114678425478757032, guid: 460b26ea6cd9ed84687f21030f8dbed8,
        type: 2}
      propertyPath: rewiredPlayerIds.Array.data[3]
      value: 3
      objectReference: {fileID: 0}
    m_RemovedComponents: []
  m_ParentPrefab: {fileID: 100100000, guid: 460b26ea6cd9ed84687f21030f8dbed8, type: 2}
  m_IsPrefabParent: 0
--- !u!1001 &1464495124
Prefab:
  m_ObjectHideFlags: 0
  serializedVersion: 2
  m_Modification:
    m_TransformParent: {fileID: 0}
    m_Modifications:
    - target: {fileID: 4582904476592950, guid: 34d6cfe556c40fa47bcdf1617b1f36aa, type: 2}
      propertyPath: m_LocalPosition.x
      value: 0
      objectReference: {fileID: 0}
    - target: {fileID: 4582904476592950, guid: 34d6cfe556c40fa47bcdf1617b1f36aa, type: 2}
      propertyPath: m_LocalPosition.y
      value: 0
      objectReference: {fileID: 0}
    - target: {fileID: 4582904476592950, guid: 34d6cfe556c40fa47bcdf1617b1f36aa, type: 2}
      propertyPath: m_LocalPosition.z
      value: 0
      objectReference: {fileID: 0}
    - target: {fileID: 4582904476592950, guid: 34d6cfe556c40fa47bcdf1617b1f36aa, type: 2}
      propertyPath: m_LocalRotation.x
      value: 0
      objectReference: {fileID: 0}
    - target: {fileID: 4582904476592950, guid: 34d6cfe556c40fa47bcdf1617b1f36aa, type: 2}
      propertyPath: m_LocalRotation.y
      value: 0
      objectReference: {fileID: 0}
    - target: {fileID: 4582904476592950, guid: 34d6cfe556c40fa47bcdf1617b1f36aa, type: 2}
      propertyPath: m_LocalRotation.z
      value: 0
      objectReference: {fileID: 0}
    - target: {fileID: 4582904476592950, guid: 34d6cfe556c40fa47bcdf1617b1f36aa, type: 2}
      propertyPath: m_LocalRotation.w
      value: 1
      objectReference: {fileID: 0}
    - target: {fileID: 4582904476592950, guid: 34d6cfe556c40fa47bcdf1617b1f36aa, type: 2}
      propertyPath: m_RootOrder
      value: 7
      objectReference: {fileID: 0}
    - target: {fileID: 114463658763539640, guid: 34d6cfe556c40fa47bcdf1617b1f36aa,
        type: 2}
      propertyPath: m_Countdown
      value: 
      objectReference: {fileID: 2003575819}
    - target: {fileID: 114463658763539640, guid: 34d6cfe556c40fa47bcdf1617b1f36aa,
        type: 2}
      propertyPath: m_doNotSleep
      value: 
      objectReference: {fileID: 2003575818}
    - target: {fileID: 114463658763539640, guid: 34d6cfe556c40fa47bcdf1617b1f36aa,
        type: 2}
      propertyPath: m_winnerAnnouncement
      value: 
      objectReference: {fileID: 276942791}
    - target: {fileID: 114463658763539640, guid: 34d6cfe556c40fa47bcdf1617b1f36aa,
        type: 2}
      propertyPath: m_Canvas
      value: 
      objectReference: {fileID: 972247556}
    - target: {fileID: 114463658763539640, guid: 34d6cfe556c40fa47bcdf1617b1f36aa,
        type: 2}
      propertyPath: m_Draw
      value: 
      objectReference: {fileID: 292963043}
    - target: {fileID: 114463658763539640, guid: 34d6cfe556c40fa47bcdf1617b1f36aa,
        type: 2}
      propertyPath: m_newGameButton
      value: 
      objectReference: {fileID: 276942793}
    - target: {fileID: 114463658763539640, guid: 34d6cfe556c40fa47bcdf1617b1f36aa,
        type: 2}
      propertyPath: m_backToMenuButton
      value: 
      objectReference: {fileID: 276942792}
    - target: {fileID: 114463658763539640, guid: 34d6cfe556c40fa47bcdf1617b1f36aa,
        type: 2}
      propertyPath: m_overallWinCanvas
      value: 
      objectReference: {fileID: 276942790}
    - target: {fileID: 114463658763539640, guid: 34d6cfe556c40fa47bcdf1617b1f36aa,
        type: 2}
      propertyPath: m_blueWin
      value: 
      objectReference: {fileID: 803601632}
    - target: {fileID: 114463658763539640, guid: 34d6cfe556c40fa47bcdf1617b1f36aa,
        type: 2}
      propertyPath: m_redWin
      value: 
      objectReference: {fileID: 803601633}
    - target: {fileID: 114463658763539640, guid: 34d6cfe556c40fa47bcdf1617b1f36aa,
        type: 2}
      propertyPath: m_yellowWin
      value: 
      objectReference: {fileID: 803601631}
    - target: {fileID: 114463658763539640, guid: 34d6cfe556c40fa47bcdf1617b1f36aa,
        type: 2}
      propertyPath: m_greenWin
      value: 
      objectReference: {fileID: 803601630}
    - target: {fileID: 114463658763539640, guid: 34d6cfe556c40fa47bcdf1617b1f36aa,
        type: 2}
      propertyPath: m_gameTimer
      value: 
      objectReference: {fileID: 535033882}
    - target: {fileID: 114463658763539640, guid: 34d6cfe556c40fa47bcdf1617b1f36aa,
        type: 2}
      propertyPath: m_eventSystem
      value: 
      objectReference: {fileID: 1523632530}
    - target: {fileID: 114242123422490642, guid: 34d6cfe556c40fa47bcdf1617b1f36aa,
        type: 2}
      propertyPath: m_deathSound
      value: 
      objectReference: {fileID: 170841777}
    - target: {fileID: 114242123422490642, guid: 34d6cfe556c40fa47bcdf1617b1f36aa,
        type: 2}
      propertyPath: m_damageSound
      value: 
      objectReference: {fileID: 170841778}
    - target: {fileID: 114275447025285212, guid: 34d6cfe556c40fa47bcdf1617b1f36aa,
        type: 2}
      propertyPath: m_deathSound
      value: 
      objectReference: {fileID: 170841777}
    - target: {fileID: 114275447025285212, guid: 34d6cfe556c40fa47bcdf1617b1f36aa,
        type: 2}
      propertyPath: m_damageSound
      value: 
      objectReference: {fileID: 170841778}
    - target: {fileID: 114613890254885732, guid: 34d6cfe556c40fa47bcdf1617b1f36aa,
        type: 2}
      propertyPath: m_deathSound
      value: 
      objectReference: {fileID: 170841777}
    - target: {fileID: 114613890254885732, guid: 34d6cfe556c40fa47bcdf1617b1f36aa,
        type: 2}
      propertyPath: m_damageSound
      value: 
      objectReference: {fileID: 170841778}
    - target: {fileID: 114402601806542444, guid: 34d6cfe556c40fa47bcdf1617b1f36aa,
        type: 2}
      propertyPath: m_deathSound
      value: 
      objectReference: {fileID: 170841777}
    - target: {fileID: 114402601806542444, guid: 34d6cfe556c40fa47bcdf1617b1f36aa,
        type: 2}
      propertyPath: m_damageSound
      value: 
      objectReference: {fileID: 170841778}
    - target: {fileID: 114514772825211734, guid: 34d6cfe556c40fa47bcdf1617b1f36aa,
        type: 2}
      propertyPath: optionsPausemenuUI
      value: 
      objectReference: {fileID: 1965139674}
    - target: {fileID: 114514772825211734, guid: 34d6cfe556c40fa47bcdf1617b1f36aa,
        type: 2}
      propertyPath: pauseMenuUI
      value: 
      objectReference: {fileID: 495787204}
    - target: {fileID: 114514772825211734, guid: 34d6cfe556c40fa47bcdf1617b1f36aa,
        type: 2}
      propertyPath: m_ammuPic.Array.data[0]
      value: 
      objectReference: {fileID: 0}
    - target: {fileID: 114514772825211734, guid: 34d6cfe556c40fa47bcdf1617b1f36aa,
        type: 2}
      propertyPath: m_ammuPic.Array.data[1]
      value: 
      objectReference: {fileID: 0}
    - target: {fileID: 114514772825211734, guid: 34d6cfe556c40fa47bcdf1617b1f36aa,
        type: 2}
      propertyPath: m_ammuPic.Array.data[2]
      value: 
      objectReference: {fileID: 0}
    - target: {fileID: 114514772825211734, guid: 34d6cfe556c40fa47bcdf1617b1f36aa,
        type: 2}
      propertyPath: m_ammuPic.Array.data[3]
      value: 
      objectReference: {fileID: 0}
    - target: {fileID: 114514772825211734, guid: 34d6cfe556c40fa47bcdf1617b1f36aa,
        type: 2}
      propertyPath: m_ammuPic.Array.data[4]
      value: 
      objectReference: {fileID: 0}
    - target: {fileID: 114311858114506374, guid: 34d6cfe556c40fa47bcdf1617b1f36aa,
        type: 2}
      propertyPath: optionsPausemenuUI
      value: 
      objectReference: {fileID: 1965139674}
    - target: {fileID: 114311858114506374, guid: 34d6cfe556c40fa47bcdf1617b1f36aa,
        type: 2}
      propertyPath: pauseMenuUI
      value: 
      objectReference: {fileID: 495787204}
    - target: {fileID: 114311858114506374, guid: 34d6cfe556c40fa47bcdf1617b1f36aa,
        type: 2}
      propertyPath: m_ammuPic.Array.data[0]
      value: 
      objectReference: {fileID: 0}
    - target: {fileID: 114311858114506374, guid: 34d6cfe556c40fa47bcdf1617b1f36aa,
        type: 2}
      propertyPath: m_ammuPic.Array.data[1]
      value: 
      objectReference: {fileID: 0}
    - target: {fileID: 114311858114506374, guid: 34d6cfe556c40fa47bcdf1617b1f36aa,
        type: 2}
      propertyPath: m_ammuPic.Array.data[2]
      value: 
      objectReference: {fileID: 0}
    - target: {fileID: 114311858114506374, guid: 34d6cfe556c40fa47bcdf1617b1f36aa,
        type: 2}
      propertyPath: m_ammuPic.Array.data[3]
      value: 
      objectReference: {fileID: 0}
    - target: {fileID: 114311858114506374, guid: 34d6cfe556c40fa47bcdf1617b1f36aa,
        type: 2}
      propertyPath: m_ammuPic.Array.data[4]
      value: 
      objectReference: {fileID: 0}
    - target: {fileID: 114369417940235994, guid: 34d6cfe556c40fa47bcdf1617b1f36aa,
        type: 2}
      propertyPath: optionsPausemenuUI
      value: 
      objectReference: {fileID: 1965139674}
    - target: {fileID: 114369417940235994, guid: 34d6cfe556c40fa47bcdf1617b1f36aa,
        type: 2}
      propertyPath: pauseMenuUI
      value: 
      objectReference: {fileID: 495787204}
    - target: {fileID: 114369417940235994, guid: 34d6cfe556c40fa47bcdf1617b1f36aa,
        type: 2}
      propertyPath: m_ammuPic.Array.data[0]
      value: 
      objectReference: {fileID: 0}
    - target: {fileID: 114369417940235994, guid: 34d6cfe556c40fa47bcdf1617b1f36aa,
        type: 2}
      propertyPath: m_ammuPic.Array.data[1]
      value: 
      objectReference: {fileID: 0}
    - target: {fileID: 114369417940235994, guid: 34d6cfe556c40fa47bcdf1617b1f36aa,
        type: 2}
      propertyPath: m_ammuPic.Array.data[2]
      value: 
      objectReference: {fileID: 0}
    - target: {fileID: 114369417940235994, guid: 34d6cfe556c40fa47bcdf1617b1f36aa,
        type: 2}
      propertyPath: m_ammuPic.Array.data[3]
      value: 
      objectReference: {fileID: 0}
    - target: {fileID: 114369417940235994, guid: 34d6cfe556c40fa47bcdf1617b1f36aa,
        type: 2}
      propertyPath: m_ammuPic.Array.data[4]
      value: 
      objectReference: {fileID: 0}
    - target: {fileID: 114122331668203456, guid: 34d6cfe556c40fa47bcdf1617b1f36aa,
        type: 2}
      propertyPath: optionsPausemenuUI
      value: 
      objectReference: {fileID: 1965139674}
    - target: {fileID: 114122331668203456, guid: 34d6cfe556c40fa47bcdf1617b1f36aa,
        type: 2}
      propertyPath: pauseMenuUI
      value: 
      objectReference: {fileID: 495787204}
    - target: {fileID: 114122331668203456, guid: 34d6cfe556c40fa47bcdf1617b1f36aa,
        type: 2}
      propertyPath: m_ammuPic.Array.data[0]
      value: 
      objectReference: {fileID: 0}
    - target: {fileID: 114122331668203456, guid: 34d6cfe556c40fa47bcdf1617b1f36aa,
        type: 2}
      propertyPath: m_ammuPic.Array.data[1]
      value: 
      objectReference: {fileID: 0}
    - target: {fileID: 114122331668203456, guid: 34d6cfe556c40fa47bcdf1617b1f36aa,
        type: 2}
      propertyPath: m_ammuPic.Array.data[2]
      value: 
      objectReference: {fileID: 0}
    - target: {fileID: 114122331668203456, guid: 34d6cfe556c40fa47bcdf1617b1f36aa,
        type: 2}
      propertyPath: m_ammuPic.Array.data[3]
      value: 
      objectReference: {fileID: 0}
    - target: {fileID: 114122331668203456, guid: 34d6cfe556c40fa47bcdf1617b1f36aa,
        type: 2}
      propertyPath: m_ammuPic.Array.data[4]
      value: 
      objectReference: {fileID: 0}
    - target: {fileID: 114122331668203456, guid: 34d6cfe556c40fa47bcdf1617b1f36aa,
        type: 2}
      propertyPath: m_rangeCountText
      value: 
      objectReference: {fileID: 2003575828}
    - target: {fileID: 114122331668203456, guid: 34d6cfe556c40fa47bcdf1617b1f36aa,
        type: 2}
      propertyPath: m_speedCountText
      value: 
      objectReference: {fileID: 2003575817}
    - target: {fileID: 114514772825211734, guid: 34d6cfe556c40fa47bcdf1617b1f36aa,
        type: 2}
      propertyPath: m_rangeCountText
      value: 
      objectReference: {fileID: 2003575827}
    - target: {fileID: 114514772825211734, guid: 34d6cfe556c40fa47bcdf1617b1f36aa,
        type: 2}
      propertyPath: m_speedCountText
      value: 
      objectReference: {fileID: 2003575826}
    - target: {fileID: 114311858114506374, guid: 34d6cfe556c40fa47bcdf1617b1f36aa,
        type: 2}
      propertyPath: m_rangeCountText
      value: 
      objectReference: {fileID: 2003575823}
    - target: {fileID: 114311858114506374, guid: 34d6cfe556c40fa47bcdf1617b1f36aa,
        type: 2}
      propertyPath: m_speedCountText
      value: 
      objectReference: {fileID: 2003575822}
    - target: {fileID: 114369417940235994, guid: 34d6cfe556c40fa47bcdf1617b1f36aa,
        type: 2}
      propertyPath: m_rangeCountText
      value: 
      objectReference: {fileID: 2003575825}
    - target: {fileID: 114369417940235994, guid: 34d6cfe556c40fa47bcdf1617b1f36aa,
        type: 2}
      propertyPath: m_speedCountText
      value: 
      objectReference: {fileID: 2003575824}
    m_RemovedComponents: []
  m_ParentPrefab: {fileID: 100100000, guid: 34d6cfe556c40fa47bcdf1617b1f36aa, type: 2}
  m_IsPrefabParent: 0
--- !u!114 &1523632530 stripped
MonoBehaviour:
  m_PrefabParentObject: {fileID: 114680884978268324, guid: 460b26ea6cd9ed84687f21030f8dbed8,
    type: 2}
  m_PrefabInternal: {fileID: 1462310274}
  m_Script: {fileID: -619905303, guid: f5f67c52d1564df4a8936ccd202a3bd8, type: 3}
--- !u!223 &1641479765 stripped
Canvas:
  m_PrefabParentObject: {fileID: 223275944572572382, guid: 4961f7ef587d1eb44b07788875f2f2b8,
    type: 2}
  m_PrefabInternal: {fileID: 784585121}
--- !u!1 &1755686625 stripped
GameObject:
  m_PrefabParentObject: {fileID: 1532754718372864, guid: 16153f444d6138f4a98e14bae7a2fa19,
    type: 2}
  m_PrefabInternal: {fileID: 918351501}
--- !u!1001 &1789491617
Prefab:
  m_ObjectHideFlags: 0
  serializedVersion: 2
  m_Modification:
    m_TransformParent: {fileID: 0}
    m_Modifications:
    - target: {fileID: 4555441511181674, guid: dd9d30776c814e74aa0f68f6c41917b1, type: 2}
      propertyPath: m_LocalPosition.x
      value: 0
      objectReference: {fileID: 0}
    - target: {fileID: 4555441511181674, guid: dd9d30776c814e74aa0f68f6c41917b1, type: 2}
      propertyPath: m_LocalPosition.y
      value: 0
      objectReference: {fileID: 0}
    - target: {fileID: 4555441511181674, guid: dd9d30776c814e74aa0f68f6c41917b1, type: 2}
      propertyPath: m_LocalPosition.z
      value: -300
      objectReference: {fileID: 0}
    - target: {fileID: 4555441511181674, guid: dd9d30776c814e74aa0f68f6c41917b1, type: 2}
      propertyPath: m_LocalRotation.x
      value: -0
      objectReference: {fileID: 0}
    - target: {fileID: 4555441511181674, guid: dd9d30776c814e74aa0f68f6c41917b1, type: 2}
      propertyPath: m_LocalRotation.y
      value: -0
      objectReference: {fileID: 0}
    - target: {fileID: 4555441511181674, guid: dd9d30776c814e74aa0f68f6c41917b1, type: 2}
      propertyPath: m_LocalRotation.z
      value: -0
      objectReference: {fileID: 0}
    - target: {fileID: 4555441511181674, guid: dd9d30776c814e74aa0f68f6c41917b1, type: 2}
      propertyPath: m_LocalRotation.w
      value: 1
      objectReference: {fileID: 0}
    - target: {fileID: 4555441511181674, guid: dd9d30776c814e74aa0f68f6c41917b1, type: 2}
      propertyPath: m_RootOrder
      value: 1
      objectReference: {fileID: 0}
    - target: {fileID: 114674602966633238, guid: dd9d30776c814e74aa0f68f6c41917b1,
        type: 2}
      propertyPath: blackHole
      value: 
      objectReference: {fileID: 2068357902}
    m_RemovedComponents: []
  m_ParentPrefab: {fileID: 100100000, guid: dd9d30776c814e74aa0f68f6c41917b1, type: 2}
  m_IsPrefabParent: 0
--- !u!20 &1789491618 stripped
Camera:
  m_PrefabParentObject: {fileID: 20888159967413118, guid: dd9d30776c814e74aa0f68f6c41917b1,
    type: 2}
  m_PrefabInternal: {fileID: 1789491617}
--- !u!1 &1789491619 stripped
GameObject:
  m_PrefabParentObject: {fileID: 1061035021562832, guid: dd9d30776c814e74aa0f68f6c41917b1,
    type: 2}
  m_PrefabInternal: {fileID: 1789491617}
--- !u!114 &1789491620
MonoBehaviour:
  m_ObjectHideFlags: 0
  m_PrefabParentObject: {fileID: 0}
  m_PrefabInternal: {fileID: 0}
  m_GameObject: {fileID: 1789491619}
  m_Enabled: 1
  m_EditorHideFlags: 0
  m_Script: {fileID: 11500000, guid: 59aebf00a2c9d5f4b90145db731891db, type: 3}
  m_Name: 
  m_EditorClassIdentifier: 
  m_blackholList:
  - {fileID: 1789491621}
--- !u!114 &1789491621 stripped
MonoBehaviour:
  m_PrefabParentObject: {fileID: 114674602966633238, guid: dd9d30776c814e74aa0f68f6c41917b1,
    type: 2}
  m_PrefabInternal: {fileID: 1789491617}
  m_Script: {fileID: 11500000, guid: e36aca4cc213bea4c80ac8080e1137b2, type: 3}
--- !u!1001 &1803011134
Prefab:
  m_ObjectHideFlags: 0
  serializedVersion: 2
  m_Modification:
    m_TransformParent: {fileID: 0}
    m_Modifications:
    - target: {fileID: 4105179775370960, guid: df46fa694d104d1469f4f6a5bb28fc97, type: 2}
      propertyPath: m_LocalPosition.x
      value: 72.18463
      objectReference: {fileID: 0}
    - target: {fileID: 4105179775370960, guid: df46fa694d104d1469f4f6a5bb28fc97, type: 2}
      propertyPath: m_LocalPosition.y
      value: 131.51921
      objectReference: {fileID: 0}
    - target: {fileID: 4105179775370960, guid: df46fa694d104d1469f4f6a5bb28fc97, type: 2}
      propertyPath: m_LocalPosition.z
      value: -22
      objectReference: {fileID: 0}
    - target: {fileID: 4105179775370960, guid: df46fa694d104d1469f4f6a5bb28fc97, type: 2}
      propertyPath: m_LocalRotation.x
      value: 0
      objectReference: {fileID: 0}
    - target: {fileID: 4105179775370960, guid: df46fa694d104d1469f4f6a5bb28fc97, type: 2}
      propertyPath: m_LocalRotation.y
      value: 0
      objectReference: {fileID: 0}
    - target: {fileID: 4105179775370960, guid: df46fa694d104d1469f4f6a5bb28fc97, type: 2}
      propertyPath: m_LocalRotation.z
      value: 0
      objectReference: {fileID: 0}
    - target: {fileID: 4105179775370960, guid: df46fa694d104d1469f4f6a5bb28fc97, type: 2}
      propertyPath: m_LocalRotation.w
      value: 1
      objectReference: {fileID: 0}
    - target: {fileID: 4105179775370960, guid: df46fa694d104d1469f4f6a5bb28fc97, type: 2}
      propertyPath: m_RootOrder
      value: 6
      objectReference: {fileID: 0}
    - target: {fileID: 114159505151106140, guid: df46fa694d104d1469f4f6a5bb28fc97,
        type: 2}
      propertyPath: m_lightSound
      value: 
      objectReference: {fileID: 170841780}
    - target: {fileID: 114835177556029048, guid: df46fa694d104d1469f4f6a5bb28fc97,
        type: 2}
      propertyPath: m_earthSound
      value: 
      objectReference: {fileID: 170841779}
    - target: {fileID: 114952921935809124, guid: df46fa694d104d1469f4f6a5bb28fc97,
        type: 2}
      propertyPath: m_fireStartSound
      value: 
      objectReference: {fileID: 460887326}
    - target: {fileID: 114952921935809124, guid: df46fa694d104d1469f4f6a5bb28fc97,
        type: 2}
      propertyPath: m_exploisionSound
      value: 
      objectReference: {fileID: 395408966}
    - target: {fileID: 114952921935809124, guid: df46fa694d104d1469f4f6a5bb28fc97,
        type: 2}
      propertyPath: m_exploisionSoundLevel4
      value: 
      objectReference: {fileID: 170841776}
    - target: {fileID: 114952921935809124, guid: df46fa694d104d1469f4f6a5bb28fc97,
        type: 2}
      propertyPath: m_pacmanSound
      value: 
      objectReference: {fileID: 143564632}
    - target: {fileID: 114011400485372930, guid: df46fa694d104d1469f4f6a5bb28fc97,
        type: 2}
      propertyPath: m_laserSound
      value: 
      objectReference: {fileID: 170841775}
    - target: {fileID: 114011400485372930, guid: df46fa694d104d1469f4f6a5bb28fc97,
        type: 2}
      propertyPath: m_rainbowSound
      value: 
      objectReference: {fileID: 170841774}
    m_RemovedComponents: []
  m_ParentPrefab: {fileID: 100100000, guid: df46fa694d104d1469f4f6a5bb28fc97, type: 2}
  m_IsPrefabParent: 0
--- !u!1001 &1849691024
Prefab:
  m_ObjectHideFlags: 0
  serializedVersion: 2
  m_Modification:
    m_TransformParent: {fileID: 0}
    m_Modifications:
    - target: {fileID: 4848765417958698, guid: bc4c3e94c5fa4e7468705cd1cb03c27b, type: 2}
      propertyPath: m_LocalPosition.x
      value: 285.81503
      objectReference: {fileID: 0}
    - target: {fileID: 4848765417958698, guid: bc4c3e94c5fa4e7468705cd1cb03c27b, type: 2}
      propertyPath: m_LocalPosition.y
      value: 4.1161175
      objectReference: {fileID: 0}
    - target: {fileID: 4848765417958698, guid: bc4c3e94c5fa4e7468705cd1cb03c27b, type: 2}
      propertyPath: m_LocalPosition.z
      value: -266.36652
      objectReference: {fileID: 0}
    - target: {fileID: 4848765417958698, guid: bc4c3e94c5fa4e7468705cd1cb03c27b, type: 2}
      propertyPath: m_LocalRotation.x
      value: 0
      objectReference: {fileID: 0}
    - target: {fileID: 4848765417958698, guid: bc4c3e94c5fa4e7468705cd1cb03c27b, type: 2}
      propertyPath: m_LocalRotation.y
      value: 0
      objectReference: {fileID: 0}
    - target: {fileID: 4848765417958698, guid: bc4c3e94c5fa4e7468705cd1cb03c27b, type: 2}
      propertyPath: m_LocalRotation.z
      value: 0
      objectReference: {fileID: 0}
    - target: {fileID: 4848765417958698, guid: bc4c3e94c5fa4e7468705cd1cb03c27b, type: 2}
      propertyPath: m_LocalRotation.w
      value: 1
      objectReference: {fileID: 0}
    - target: {fileID: 4848765417958698, guid: bc4c3e94c5fa4e7468705cd1cb03c27b, type: 2}
      propertyPath: m_RootOrder
      value: 20
      objectReference: {fileID: 0}
    m_RemovedComponents: []
  m_ParentPrefab: {fileID: 100100000, guid: bc4c3e94c5fa4e7468705cd1cb03c27b, type: 2}
  m_IsPrefabParent: 0
--- !u!1 &1942942644 stripped
GameObject:
  m_PrefabParentObject: {fileID: 1357042599397532, guid: b083eda3627a9bf42814fc053fcb9b17,
    type: 2}
  m_PrefabInternal: {fileID: 1035454225}
--- !u!1 &1965139674 stripped
GameObject:
  m_PrefabParentObject: {fileID: 1209142947488972, guid: b083eda3627a9bf42814fc053fcb9b17,
    type: 2}
  m_PrefabInternal: {fileID: 1035454225}
--- !u!1001 &2003575816
Prefab:
  m_ObjectHideFlags: 0
  serializedVersion: 2
  m_Modification:
    m_TransformParent: {fileID: 0}
    m_Modifications:
    - target: {fileID: 224559756423860038, guid: ca6bc23cc54138e4689f25a6e36e7b5b,
        type: 2}
      propertyPath: m_LocalPosition.x
      value: 0
      objectReference: {fileID: 0}
    - target: {fileID: 224559756423860038, guid: ca6bc23cc54138e4689f25a6e36e7b5b,
        type: 2}
      propertyPath: m_LocalPosition.y
      value: 0
      objectReference: {fileID: 0}
    - target: {fileID: 224559756423860038, guid: ca6bc23cc54138e4689f25a6e36e7b5b,
        type: 2}
      propertyPath: m_LocalPosition.z
      value: 0
      objectReference: {fileID: 0}
    - target: {fileID: 224559756423860038, guid: ca6bc23cc54138e4689f25a6e36e7b5b,
        type: 2}
      propertyPath: m_LocalRotation.x
      value: 0
      objectReference: {fileID: 0}
    - target: {fileID: 224559756423860038, guid: ca6bc23cc54138e4689f25a6e36e7b5b,
        type: 2}
      propertyPath: m_LocalRotation.y
      value: 0
      objectReference: {fileID: 0}
    - target: {fileID: 224559756423860038, guid: ca6bc23cc54138e4689f25a6e36e7b5b,
        type: 2}
      propertyPath: m_LocalRotation.z
      value: 0
      objectReference: {fileID: 0}
    - target: {fileID: 224559756423860038, guid: ca6bc23cc54138e4689f25a6e36e7b5b,
        type: 2}
      propertyPath: m_LocalRotation.w
      value: 1
      objectReference: {fileID: 0}
    - target: {fileID: 224559756423860038, guid: ca6bc23cc54138e4689f25a6e36e7b5b,
        type: 2}
      propertyPath: m_RootOrder
      value: 8
      objectReference: {fileID: 0}
    - target: {fileID: 224559756423860038, guid: ca6bc23cc54138e4689f25a6e36e7b5b,
        type: 2}
      propertyPath: m_AnchoredPosition.x
      value: 0
      objectReference: {fileID: 0}
    - target: {fileID: 224559756423860038, guid: ca6bc23cc54138e4689f25a6e36e7b5b,
        type: 2}
      propertyPath: m_AnchoredPosition.y
      value: 0
      objectReference: {fileID: 0}
    - target: {fileID: 224559756423860038, guid: ca6bc23cc54138e4689f25a6e36e7b5b,
        type: 2}
      propertyPath: m_SizeDelta.x
      value: 0
      objectReference: {fileID: 0}
    - target: {fileID: 224559756423860038, guid: ca6bc23cc54138e4689f25a6e36e7b5b,
        type: 2}
      propertyPath: m_SizeDelta.y
      value: 0
      objectReference: {fileID: 0}
    - target: {fileID: 224559756423860038, guid: ca6bc23cc54138e4689f25a6e36e7b5b,
        type: 2}
      propertyPath: m_AnchorMin.x
      value: 0
      objectReference: {fileID: 0}
    - target: {fileID: 224559756423860038, guid: ca6bc23cc54138e4689f25a6e36e7b5b,
        type: 2}
      propertyPath: m_AnchorMin.y
      value: 0
      objectReference: {fileID: 0}
    - target: {fileID: 224559756423860038, guid: ca6bc23cc54138e4689f25a6e36e7b5b,
        type: 2}
      propertyPath: m_AnchorMax.x
      value: 0
      objectReference: {fileID: 0}
    - target: {fileID: 224559756423860038, guid: ca6bc23cc54138e4689f25a6e36e7b5b,
        type: 2}
      propertyPath: m_AnchorMax.y
      value: 0
      objectReference: {fileID: 0}
    - target: {fileID: 224559756423860038, guid: ca6bc23cc54138e4689f25a6e36e7b5b,
        type: 2}
      propertyPath: m_Pivot.x
      value: 0
      objectReference: {fileID: 0}
    - target: {fileID: 224559756423860038, guid: ca6bc23cc54138e4689f25a6e36e7b5b,
        type: 2}
      propertyPath: m_Pivot.y
      value: 0
      objectReference: {fileID: 0}
    - target: {fileID: 223762776172023156, guid: ca6bc23cc54138e4689f25a6e36e7b5b,
        type: 2}
      propertyPath: m_Camera
      value: 
      objectReference: {fileID: 1789491618}
    m_RemovedComponents: []
  m_ParentPrefab: {fileID: 100100000, guid: ca6bc23cc54138e4689f25a6e36e7b5b, type: 2}
  m_IsPrefabParent: 0
--- !u!114 &2003575817 stripped
MonoBehaviour:
  m_PrefabParentObject: {fileID: 114855778593481734, guid: ca6bc23cc54138e4689f25a6e36e7b5b,
    type: 2}
  m_PrefabInternal: {fileID: 2003575816}
  m_Script: {fileID: 708705254, guid: f70555f144d8491a825f0804e09c671c, type: 3}
--- !u!114 &2003575818 stripped
MonoBehaviour:
  m_PrefabParentObject: {fileID: 114752093536291518, guid: ca6bc23cc54138e4689f25a6e36e7b5b,
    type: 2}
  m_PrefabInternal: {fileID: 2003575816}
  m_Script: {fileID: 708705254, guid: f70555f144d8491a825f0804e09c671c, type: 3}
--- !u!114 &2003575819 stripped
MonoBehaviour:
  m_PrefabParentObject: {fileID: 114562923093707562, guid: ca6bc23cc54138e4689f25a6e36e7b5b,
    type: 2}
  m_PrefabInternal: {fileID: 2003575816}
  m_Script: {fileID: 708705254, guid: f5f67c52d1564df4a8936ccd202a3bd8, type: 3}
--- !u!114 &2003575820 stripped
MonoBehaviour:
  m_PrefabParentObject: {fileID: 114127071229728352, guid: ca6bc23cc54138e4689f25a6e36e7b5b,
    type: 2}
  m_PrefabInternal: {fileID: 2003575816}
  m_Script: {fileID: 708705254, guid: f70555f144d8491a825f0804e09c671c, type: 3}
--- !u!114 &2003575821 stripped
MonoBehaviour:
  m_PrefabParentObject: {fileID: 114173212895386944, guid: ca6bc23cc54138e4689f25a6e36e7b5b,
    type: 2}
  m_PrefabInternal: {fileID: 2003575816}
  m_Script: {fileID: 708705254, guid: f70555f144d8491a825f0804e09c671c, type: 3}
--- !u!114 &2003575822 stripped
MonoBehaviour:
  m_PrefabParentObject: {fileID: 114398687596521660, guid: ca6bc23cc54138e4689f25a6e36e7b5b,
    type: 2}
  m_PrefabInternal: {fileID: 2003575816}
  m_Script: {fileID: 708705254, guid: f70555f144d8491a825f0804e09c671c, type: 3}
--- !u!114 &2003575823 stripped
MonoBehaviour:
  m_PrefabParentObject: {fileID: 114309604849990534, guid: ca6bc23cc54138e4689f25a6e36e7b5b,
    type: 2}
  m_PrefabInternal: {fileID: 2003575816}
  m_Script: {fileID: 708705254, guid: f70555f144d8491a825f0804e09c671c, type: 3}
--- !u!114 &2003575824 stripped
MonoBehaviour:
  m_PrefabParentObject: {fileID: 114056839012895200, guid: ca6bc23cc54138e4689f25a6e36e7b5b,
    type: 2}
  m_PrefabInternal: {fileID: 2003575816}
  m_Script: {fileID: 708705254, guid: f70555f144d8491a825f0804e09c671c, type: 3}
--- !u!114 &2003575825 stripped
MonoBehaviour:
  m_PrefabParentObject: {fileID: 114416318568570626, guid: ca6bc23cc54138e4689f25a6e36e7b5b,
    type: 2}
  m_PrefabInternal: {fileID: 2003575816}
  m_Script: {fileID: 708705254, guid: f70555f144d8491a825f0804e09c671c, type: 3}
--- !u!114 &2003575826 stripped
MonoBehaviour:
  m_PrefabParentObject: {fileID: 114286568543296334, guid: ca6bc23cc54138e4689f25a6e36e7b5b,
    type: 2}
  m_PrefabInternal: {fileID: 2003575816}
  m_Script: {fileID: 708705254, guid: f70555f144d8491a825f0804e09c671c, type: 3}
--- !u!114 &2003575827 stripped
MonoBehaviour:
  m_PrefabParentObject: {fileID: 114366273893686664, guid: ca6bc23cc54138e4689f25a6e36e7b5b,
    type: 2}
  m_PrefabInternal: {fileID: 2003575816}
  m_Script: {fileID: 708705254, guid: f70555f144d8491a825f0804e09c671c, type: 3}
--- !u!114 &2003575828 stripped
MonoBehaviour:
  m_PrefabParentObject: {fileID: 114295242344014392, guid: ca6bc23cc54138e4689f25a6e36e7b5b,
    type: 2}
  m_PrefabInternal: {fileID: 2003575816}
  m_Script: {fileID: 708705254, guid: f70555f144d8491a825f0804e09c671c, type: 3}
--- !u!1 &2068357901
GameObject:
  m_ObjectHideFlags: 0
  m_PrefabParentObject: {fileID: 0}
  m_PrefabInternal: {fileID: 0}
  serializedVersion: 5
  m_Component:
  - component: {fileID: 2068357902}
  m_Layer: 0
  m_Name: Black Hole
  m_TagString: Untagged
  m_Icon: {fileID: 0}
  m_NavMeshLayer: 0
  m_StaticEditorFlags: 0
  m_IsActive: 1
--- !u!4 &2068357902
Transform:
  m_ObjectHideFlags: 0
  m_PrefabParentObject: {fileID: 0}
  m_PrefabInternal: {fileID: 0}
  m_GameObject: {fileID: 2068357901}
  m_LocalRotation: {x: -0, y: -0, z: -0, w: 1}
  m_LocalPosition: {x: 0, y: 0, z: -80}
  m_LocalScale: {x: 1920.002, y: 1079.9998, z: 1}
  m_Children: []
  m_Father: {fileID: 0}
  m_RootOrder: 3
  m_LocalEulerAnglesHint: {x: 0, y: 0, z: 0}
--- !u!1001 &2136404918
Prefab:
  m_ObjectHideFlags: 0
  serializedVersion: 2
  m_Modification:
    m_TransformParent: {fileID: 0}
    m_Modifications:
    - target: {fileID: 4713457829043978, guid: 7f6ce9e5f243ddf4fa5d7536de030206, type: 2}
      propertyPath: m_LocalPosition.x
      value: 0
      objectReference: {fileID: 0}
    - target: {fileID: 4713457829043978, guid: 7f6ce9e5f243ddf4fa5d7536de030206, type: 2}
      propertyPath: m_LocalPosition.y
      value: 0
      objectReference: {fileID: 0}
    - target: {fileID: 4713457829043978, guid: 7f6ce9e5f243ddf4fa5d7536de030206, type: 2}
      propertyPath: m_LocalPosition.z
      value: 0
      objectReference: {fileID: 0}
    - target: {fileID: 4713457829043978, guid: 7f6ce9e5f243ddf4fa5d7536de030206, type: 2}
      propertyPath: m_LocalRotation.x
      value: 0
      objectReference: {fileID: 0}
    - target: {fileID: 4713457829043978, guid: 7f6ce9e5f243ddf4fa5d7536de030206, type: 2}
      propertyPath: m_LocalRotation.y
      value: 0
      objectReference: {fileID: 0}
    - target: {fileID: 4713457829043978, guid: 7f6ce9e5f243ddf4fa5d7536de030206, type: 2}
      propertyPath: m_LocalRotation.z
      value: 0
      objectReference: {fileID: 0}
    - target: {fileID: 4713457829043978, guid: 7f6ce9e5f243ddf4fa5d7536de030206, type: 2}
      propertyPath: m_LocalRotation.w
      value: 1
      objectReference: {fileID: 0}
    - target: {fileID: 4713457829043978, guid: 7f6ce9e5f243ddf4fa5d7536de030206, type: 2}
      propertyPath: m_RootOrder
      value: 2
      objectReference: {fileID: 0}
    - target: {fileID: 4713457829043978, guid: 7f6ce9e5f243ddf4fa5d7536de030206, type: 2}
      propertyPath: m_LocalScale.x
      value: 88.67942
      objectReference: {fileID: 0}
    - target: {fileID: 4713457829043978, guid: 7f6ce9e5f243ddf4fa5d7536de030206, type: 2}
      propertyPath: m_LocalScale.y
      value: 88.679375
      objectReference: {fileID: 0}
    - target: {fileID: 4713457829043978, guid: 7f6ce9e5f243ddf4fa5d7536de030206, type: 2}
      propertyPath: m_LocalScale.z
      value: 88.679375
      objectReference: {fileID: 0}
    - target: {fileID: 1656038629310180, guid: 7f6ce9e5f243ddf4fa5d7536de030206, type: 2}
      propertyPath: m_IsActive
      value: 1
      objectReference: {fileID: 0}
    m_RemovedComponents: []
  m_ParentPrefab: {fileID: 100100000, guid: 7f6ce9e5f243ddf4fa5d7536de030206, type: 2}
  m_IsPrefabParent: 0
